%% Created for Milan Ilnyckyj at 2013-03-30 10:46:15 -0400 
% Last updated by Milan Ilnyckyj 2013-08-25

%% Saved with string encoding Unicode (UTF-8) 

@book{Alley2000,
	Author = {Alley, Richard},
	Publisher = {Princeton University Press},
	Title = {The Two Mile Time Machine: Ice Cores, Abrupt Climate Change, and Our Future},
	Year = {2000},
}
	
@misc{CalculationsReferences,
	   author = "{United States Environmental Protection Agency}",
	   TITLE   = "Calculations and References",
	   URL = "http://www.epa.gov/cleanenergy/energy-resources/refs.html",
	   URLYEAR = 2013,
}

@book{Stern2007,
	Author = {Stern, Nicholas},
	Publisher = {Cambridge University Press},
	Title = {The Economics of Climate Change: The Stern Review},
	Year = {2007},
	url = "http://webarchive.nationalarchives.gov.uk/+/http:/www.hm-treasury.gov.uk/sternreview_index.htm",
}

@misc{NOAATrends,
	author  = "{National Oceanic and Atmospheric Administration}",
	TITLE   = "Trends in Atmospheric Carbon Dioxide",
	URL = "http://www.esrl.noaa.gov/gmd/ccgg/trends/",
	URLYEAR = 2013,
}

@misc{Charney1979,
	AUTHOR	= "{U.S. National Academy of Sciences}",
	TITLE	= "Ad Hoc Study Group on Carbon Dioxide and Climate",
	URL = "http://www.atmos.ucla.edu/~brianpm/download/charney_report.pdf",
	URLYEAR = 1979,
}

@misc{IPCC1990,
	AUTHOR  = "{Intergovernmental Panel on Climate Change}",
	TITLE	= "First Assessment Report",
	URL = "https://www.ipcc.ch/ipccreports/1992%20IPCC%20Supplement/IPCC_1990_and_1992_Assessments/English/ipcc_90_92_assessments_far_overview.pdf"
	year = "{1990}",
}

@misc{IPCC1995,
	AUTHOR  = "{Intergovernmental Panel on Climate Change}",
	TITLE	= "Second Assessment Report: Climate Change 1995",
	URL = "https://www.ipcc.ch/pdf/climate-changes-1995/ipcc-2nd-assessment/2nd-assessment-en.pdf"
	year = "{1995}",
}
	
@misc{IPCC2001,
	AUTHOR  = "{Intergovernmental Panel on Climate Change}",
	TITLE	= "Third Assessment Report: Climate Change 2001",
	URL = "http://www.grida.no/publications/other/ipcc_tar/",
	year = "{2001}",
}

@misc{IPCC2007,
	AUTHOR  = "{Intergovernmental Panel on Climate Change}",
	TITLE	= "Fourth Assessment Report: Climate Change 2007",
	URL = "https://www.ipcc.ch/publications_and_data/ar4/syr/en/contents.html"
	year = "{2007}",
}

@misc{IPCC4ARdrivers,
	AUTHOR  = "{Intergovernmental Panel on Climate Change}",
   	TITLE   = "Climate Change 2007: Working Group I: The Physical Science Basis, TS.2 Changes in Human and Natural Drivers of Climate",
   	URL = "https://www.ipcc.ch/publications_and_data/ar4/wg1/en/tssts-2.html",
   	year = "{2007}",
}

@misc{ECReducing,
   AUTHOR  = "{Environment Canada}",
   TITLE   = "Reducing Greenhouse Gases",
   URL = "http://climatechange.gc.ca/default.asp?lang=En&n=4FE85A4C-1",
   URLYEAR = 2012,
}

@misc{ECCoalFired,
	AUTHOR = "{Environment Canada}", 
	TITLE = "Harper Government Moves Forward on Tough Rules for Coal-Fired Electricity Sector",
	URL = "http://www.ec.gc.ca/default.asp?lang=En&n=714D9AAE-1&news=4D34AE9B-1768-415D-A546-8CCF09010A23",
	URLYEAR = 2012,
}

@misc{OMEGreening,
	AUTHOR = "{Ontario Ministry of the Environment}", 
	TITLE = "Climate Change - Greening Our Ways",
	URL = "http://www.ene.gov.on.ca/environment/en/category/climate_change/STDPROD_078897.html",
	URLYEAR = 2013,
}

@misc{EPACessation,
	AUTHOR = "{Government of Ontario}", 
	TITLE = "Ontario Regulation 496/07: Cessation of Coal Use â€“ Atikokan, Lambtom, Nantcoke and Thunder Bay Generating Stations",
	URL = "http://www.e-laws.gov.on.ca/html/regs/english/elaws_regs_070496_e.htm",
}

@misc{OMEGreen,
	AUTHOR = "{Ontario Ministry of the Environment}", 
	TITLE = "Green Energy Act",
	URL = "http://www.ene.gov.on.ca/environment/en/legislation/green_energy_act/index.htm",
}
	
@misc{ShellAtAGlance,
	author = "{Shell Canada}",
	TITLE = "Shell At a Glance",
	URL = "http://www.shell.ca/en/aboutshell/at-a-glance-tpkg.html",
	URLYEAR = 2013,
}

@misc{ExxonWhatWeDo,
	author = "ExxonMobil",
	TITLE = "Exxon: What We Do",
	URL = "http://www.exxonmobil.com/Corporate/about_what.aspx",
	URLYEAR = 2013,
}

@misc{ConstitutionAct,
	TITLE = "Constitution Act",
	author = "{Government of Canada}",
	URL = "http://laws-lois.justice.gc.ca/eng/Const/page-15.html#h-44",
	year = "{1982}",
	URLYEAR = 2013,
}

@misc{OntarioEnvironmentalBillofRights,
	author = "{Government of Ontario}",
	TITLE = "Ontario Environmental Bill of Rights",
	URL = "http://www.e-laws.gov.on.ca/html/statutes/english/elaws_statutes_93e28_e.htm",
	URLYEAR = 2013,
}

@misc{YukonEnviromentalandSocio-economicAssessmentAct,
	author = "{Government of the Yukon}"
	TITLE = "Yukon Environmental and Socio-economic Assessment Act"
	URL = "http://laws-lois.justice.gc.ca/eng/acts/Y-2.2/index.html",
	URLYEAR = 2013,
	}

@misc{EnvironmentalRightsAct,
	author = "{Government of the Northwest Territories}",
	TITLE = "Environmental Rights Act"
	URL = "http://www.justice.gov.nt.ca/PDF/ACTS/Environmental%20Rights.pdf",
	year = "{2010}",
	URLYEAR = 2013,
}

@misc{Treaty8,
	author = "{Government of Canada}",
	TITLE = "Treaty No. 8 Made June 21, 1899 and Adhesions, Reports, Etc.",
	URL = "http://www.aadnc-aandc.gc.ca/eng/1100100028813/1100100028853",
	URLYEAR = 2013,
	year = "{1899}",
}

@misc{PassingNoNewOilSandsApprovalsResolution,
	author = "{Keepers of the Athabasca}",
	TITLE = "Unanimous passing of No New Oil Sands Approvals resolution at the Assembly of Treaty Chiefs Meeting",
	URL = "http://www.aenweb.ca/node/2131",
	URLYEAR = 2013,
	year = "{2008}",
}

@misc{Treaty6,
	author = "{Government of Canada}",
	TITLE = "Treaty No. 6 between Her Majesty the Queen and the Plain and Wood Cree Indians and other Tribes of Indians at Fort Carlton, Fort Pitt and Battle River with Adhesions",
	URL = "http://www.aadnc-aandc.gc.ca/eng/1100100028710/1100100028783",
	URLYEAR = 2013,
	year = "{1876}",
}

@misc{UniversalDeclarationOfHumanRights,
	author = "{United Nations General Assembly}",
	TITLE = "The Universal Declaration of Human Rights",
	URL = "http://www.un.org/en/documents/udhr/index.shtml#a7",
	URLYEAR = 2013,
	year = "{1948}",
}

@article{HagueDeclarationOnTheEnvironment,
	author = "{Representatives from Australia, Brazil, Canada, Cote d'Ivoire, Egypt, France, Federal Republic of Germany, Hungary, India, Indonesia, Italy, Japan, Jordan, Kenya, Malta, Norway, New Zealand, the Netherlands, Senegal, Spain, Sweden, Tunisia, Venezuela, and Zimbabwe}",
	Journal = {International Legal Materials},
	Month = sep,
	Number = {5},
	Title = {Hague Declaration on the Environment},
	Volume = {28},
	Year = {1989},
	url = "http://www.jstor.org/stable/20693363",
}
		
%beginneal

@PHDTHESIS{Becker2010,
	author = {Becker, Thomas A.},
	title = {Essays in Finance and Environmental Economics},
	school = {University of California, Berkeley},
	year = {2010},
	note = {2317897261; 0501: Economics; 9781124551197; 0438: Environmental economics; 0508: Finance; 54157161; 66569; n/a; Social sciences; Equities; English; Oil; Mortgage debt; 3445452; Carbon; Copyright ProQuest, UMI Dissertations Publishing 2010; 2011-04-28; Becker, Thomas Anthony; 2010; 861494638; Cap-and-trade; Household finance; M3: 3445452; M1: Ph.D.},
	file = {:Sources\\Becker 2010 - Finance and Enviro Econix.pdf:PDF},
	isbn = {9781124551197},
	journal = {ProQuest Dissertations and Theses},
	keywords = {Oil; Mortgage debt; 0508:Finance; Carbon; Household finance; Cap-and-trade;
		Equities; Social sciences; 0501:Economics; 0438:Environmental economics},
	language = {English},
	pages = {120},
	url = {http://search.proquest.com.ezproxy.library.ubc.ca/docview/861494638?accountid=14656},
}

@ARTICLE{Busch2007,
	author = {Busch, Timo and Hoffmann, Volker H.},
	title = {Emerging carbon constraints for corporate risk management},
	journal = {Ecological Economics},
	year = {2007},
	volume = {62},
	pages = {518 - 528},
	number = {3 - 4},
	doi = {10.1016/j.ecolecon.2006.05.022},
	file = {:Sources\\Busch 2007 - carbon constraints for corp risk management.pdf:PDF},
	issn = {0921-8009},
	url = {http://www.sciencedirect.com/science/article/pii/S0921800906003521},
}

@MISC{CTI2012,
	author = "{Carbon Tracker Institute}",
	title = {Unburnable Carbon: Are the world's financial markets carrying a carbon bubble?},
	year = {2012},
	file = {:Sources\\CarbonTracker 2012 Unburnable-Carbon-Full-rev2.pdf:PDF},
	url = {http://www.carbontracker.org/wp-content/uploads/downloads/2012/08/Unburnable-Carbon-Full1.pdf},
}

@MISC{Ceres2012_1,
	author = {Ceres},
	title = {Incorporating environmental, social and Governance factors into Investing: a survey of Investment Consultant Practices},
	file = {:Sources\\Ceres 2012 - Incorporating ESG Factors into Investing.pdf:PDF},
	url = {http://www.ceres.org/resources/reports/incorporating-environmental-social-and-governance-factors-into-investing-a-survey-of-investment-consultant-practices},
}

@MISC{Ceres2012,
	author = {Ceres},
	title = {Sustainable Extraction: An Analysis of SEC Disclosure by Major Oil \& Gas Companies on Climate Risk \& Deepwater Drilling Risk},
	howpublished = {web},
	year = {2012},
	file = {:Sources\\Ceres 2012 - Sustainable Extraction.pdf:PDF},
	url = {http://www.ceres.org/resources/reports/sustainable-extraction-an-analysis-of-sec-disclosure-by-major-oil-gas-companies-on-climate-risk-and-deepwater-drilling-risk},
}

@MISC{Aperio2013,
	author = {Geddes, Patrick},
	title = {Do the Investment Math: Building a Carbon-Free Portfolio},
	howpublished = {Electronic - Aperio Group},
	month = jan,
	year = {2013},
	file = {:Sources\\aperio 2013 - building_a_carbon_free_portfolio.pdf:PDF},
	url = {http://www.aperiogroup.com/system/files/documents/building_a_carbon_free_portfolio.pdf},
}

@MISC{GenIM2012,
	author = {Generation Investment Management},
	title = {Sustainable Capitalism},
	howpublished = {web},
	year = {2012},
	file = {:Sources\\Generation 2012 - sustainable-capitalism-v1.pdf:PDF},
	url = {http://www.generationim.com/media/pdf-generation-sustainable-capitalism-v1.pdf},
}

@ARTICLE{Gold2008,
	author = {Gold, Murray},
	title = {The Carbon Challenge},
	journal = {Benefits Canada},
	year = {2008},
	volume = {32},
	pages = {69-69},
	number = {2},
	note = {Copyright - Copyright Rogers Publishing Limited Feb 2008; Language of summary - English; Location - Canada; Pages - 69; ProQuest ID - 224288778; SubjectsTermNotLitGenreText - Canada; Last updated - 2010-06-09; Place of publication - Toronto; Corporate institution author - Gold, Murray; DOI - 1456385811; 38805401; 18385; BCD; INODOBCDX0004666354},
	file = {:Sources\\Gold 2008 - The Carbon Challenge.pdf:PDF},
	isbn = {07037732},
	keywords = {9172:Canada; Canada; 8130:Investment services; 4310:Regulation; Insurance;
		1540:Pollution control},
	language = {English},
	url = {http://search.proquest.com.ezproxy.library.ubc.ca/docview/224288778?accountid=14656},
}

@ARTICLE{Goulder2010,
	author = {Goulder, Lawrence H. and Hafstead, Marc A.C. and Dworsky, Michael},
	title = {Impacts of alternative emissions allowance allocation methods under a federal cap-and-trade program},
	journal = {Journal of Environmental Economics and Management},
	year = {2010},
	volume = {60},
	pages = {161 - 181},
	number = {3},
	doi = {10.1016/j.jeem.2010.06.002},
	file = {:Sources\\Goulder et al 2010 - Impacts of cap-and-trade.pdf:PDF},
	issn = {0095-0696},
	keywords = {Climate policy},
	url = {http://www.sciencedirect.com/science/article/pii/S0095069610000811},
}

@BOOK{IEA2012,
	author = "{International Energy Agency}",
	title = {World Energy Outlook: 2012},
	publisher = {Organization for Economic Cooperation and Development},
	year = {2012},
	doi = {10.1787/weo-2012-en},
	file = {:Sources\\IEA 2012 - World Energy Outlook.pdf:PDF},
	isbn = {9789264180840},
	url = {http://www.oecd-ilibrary.org/energy/world-energy-outlook-2012_weo-2012-en},
}

@MISC{Mercer2012,
	author = {Mercer},
	title = {Through the Looking Glass: How Investors are Applying the Results of the Climate Change Scenarios Study},
	howpublished = {web},
	year = {2012},
	file = {:Sources\\Mercer 2012 - How Investors are Applying Climate Change.pdf:PDF},
	url = {http://www.mercer.com/articles/1448900},
}

@MISC{OECD2010,
	author = {{Organisation for Economic Co-operation and Development}},
	title = {Transition to a Low-carbon Economy: Public Goals and Corporate Practices},
	doi = {http://dx.doi.org/10.1787/9789264090231-en},
	file = {:Sources\\OECD 2010 - Transition to a Low-carbon Economy.pdf:PDF},
	publisher = {OECD Publishing},
	url = {http://www.oecd.org/daf/inv/mne/transitiontoalow-carboneconomy.htm},
}

@MISC{HSBC2013,
	author = {HSBC Global Research},
	title = {Oil and Carbon Revisited},
	howpublished = {web},
	year = {2013},
	file = {:sources\\HSBC 2013 Oil and Carbon Revisted.pdf:PDF},
	url = {http://gofossilfree.org/files/2013/02/HSBCOilJan13.pdf},
}

@MISC{Robinson2012,
	author = {Robinson, David},
	title = {One big bad number},
	year = {2012},
	note = {Copyright - Copyright Northern Ontario Business Nov 2012; Language of summary - English; Pages - 4; ProQuest ID - 1173677426; Last updated - 2012-11-20; Place of publication - Sudbury; Corporate institution author - Robinson, David; DOI - 2819944471; 73797652; 12877; NONT; INODNONT0008240361},
	file = {:Sources\\Robinson 2012 - One Big Bad Number.pdf:PDF},
	isbn = {07102755},
	journal = {Northern Ontario Business},
	keywords = {Business And Economics},
	language = {English},
	number = {1},
	pages = {4-4},
	url = {http://search.proquest.com.ezproxy.library.ubc.ca/docview/1173677426?accountid=14656},
	volume = {33},
}

@ARTICLE{Schultz2005,
	author = {Schultz, Karl and Williamson, Peter},
	title = {Gaining Competitive Advantage in a Carbon-constrained World:: Strategies for European Business},
	journal = {European Management Journal},
	year = {2005},
	volume = {23},
	pages = {383 - 391},
	number = {4},
	doi = {10.1016/j.emj.2005.06.010},
	file = {:Sources\\Schultz 2005 - Competitive Advantage Carbon-constrainted World Strategies for Business.pdf:PDF},
	issn = {0263-2373},
	keywords = {Climate mitigation},
	url = {http://www.sciencedirect.com/science/article/pii/S0263237305000708},
}

@MISC{Stern2011,
	author = {Stern, Nicholas},
	title = {A profound contradiction at the heart of climate change policy},
	year = {2011},
	file = {:Sources\\Stern 2011 FT.com.pdf:PDF},
	journal = {Financial Times},
	url = {http://www.ft.com/intl/cms/s/0/52f2709c-20f0-11e1-8a43-00144feabdc0.html#axzz2P2nJOSta},
}

@MISC{UNEPFI2011,
	author = {United Nations Environment Programme Finance Initiative},
	title = {Universal Ownership: Why environmental externalities matter to institutional investors},
	howpublished = {web},
	year = {2011},
	file = {:Sources\\UNEPFI 2011 - Universal Ownership.pdf:PDF},
	url = {http://www.unepfi.org/fileadmin/documents/universal_ownership_full.pdf},
}

@MISC{UNEPFI2009,
	author = {United Nations Environment Programme Finance Initiative},
	title = {Fiduciary Responsibility: Legal and practical aspects of integrating
		environmental, social and governance issues into institutional investment},
	year = {2009},
	file = {:Sources\\UNEP FI 2009 - fiduciaryII.pdf:PDF},
	url = {http://www.unepfi.org/fileadmin/documents/fiduciaryII.pdf},
}

@MISC{UNEPFI2007,
	author = {{United Nations Environment Programme Finance Initiative} and Mercer},
	title = {Demystifying Responsible Investment Performance: A review of key academic and broker research on ESG factors},
	month = oct,
	year = {2007},
	file = {:Sources\\UNEP FI 2007 - Demystifying_Responsible_Investment_Performance_01.pdf:PDF},
	url = {http://www.unepfi.org/fileadmin/documents/Demystifying_Responsible_Investment_Performance_01.pdf},
}

@MISC{UofT2008,
	author = {University of Toronto},
	title = {Issues With Respect to University Divestment},
	howpublished = {web},
	year = {2008},
	file = {:Sources\\UofT 2008 divestment policy.pdf:PDF},
	url = {www.governingcouncil.utoronto.ca/policies/Issues_With_Respect_to_University_Divestment.htm},
}

@ARTICLE{Laan2004,
	author = {Van Der Laan, Sandra and Lansbury, Nina},
	title = {Socially Responsible Investing and Climate Change: Contradictions and Challenges},
	journal = {Australian Accounting Review},
	year = {2004},
	volume = {14},
	pages = {21--30},
	number = {34},
	doi = {10.1111/j.1835-2561.2004.tb00237.x},
	file = {:Sources\\Laan 2004 - SocResp Investing and Climate Change, Contradictions.pdf:PDF},
	issn = {1835-2561},
	publisher = {Blackwell Publishing Ltd},
	url = {http://dx.doi.org/10.1111/j.1835-2561.2004.tb00237.x},
}

%endneal
		
@misc{SullivanCromwell_2010,
	Author = "{Sullivan and Cromwell, LLP.}",
	Month = nov,
	Title = {Foreign Corrupt Practices Act â€“ Recent Developments},
	url = "http://www.sullcrom.com/files/Publication/506e03de-55a2-461e-93dd-1dff80fc4a2d/Presentation/PublicationAttachment/eb3ca298-3c98-442b-bf24-1f693ea61ba5/SC_Publication_Foreign_Corrupt_Practices_Act_Recent_Developments.pdf",
	Year = {2010},
}

@misc{Holland-BartelsPierce_2011,
	Author = {Holland-Bartels, L. and Pierce, B.},
	Institution = {US Geological Survey},
	Title = {An Evaluation of the Science Needs to Inform Decisions on Outer Continental Shelf energy Development in the Chukchi and Beaufort Seas, Alaska},
	url = "http://pubs.usgs.gov/fs/2011/3048/pdf/fs20113048.pdf",
	Year = {2011},
}

@misc{Shell_2011,
	Author = "{Royal Dutch Shell}",
	Title = {Building an Energy Future: Annual Report},
	url = "http://reports.shell.com/annual-report/2012/servicepages/downloads/files/entire_shell_ar12.pdf",
	Year = {2011},
}

@misc{UNEP_2009,
	Author = "{United Nations Environment Programme}",
	Title = {Climate and Trade Policies in a Post-2012 World.},
	url = "http://www.unep.org/climatechange/Portals/5/documents/ClimateAndTradePoliciesPost2012_en.pdf",
	Year = {2009},
}

@book{KochanGoodYear_2011,
	Author = {Kochan, Nick and Goodyear, Robin},
	Publisher = {Palgrave MacMillan},
	Title = {Corruption: The New Corporate Challenge},
	Year = {2011},
}

@misc{Naidoo_2012,
	Author = {Naidoo, Kumi},
	Month = oct,
	Title = {Drilling for oil in the Arctic: the risks are too great for companies to take on},
	url = "http://www.guardian.co.uk/sustainable-business/blog/drilling-oil-arctic-risks-too-great-companies",
	Year = {2012},
}

@misc{Mathiason_2005,
	Author = {Mathiason, Nick},
	Month = jun,
	Title = {EBRD freezes Shell Sakhalin loan},
	url = "http://www.guardian.co.uk/business/2005/jun/19/oilandpetrol.observerbusiness",
	Year = {2005},
}

@misc{NewsWire_2012,
	Author = "{NBC News Wire}",
	Month = sep,
	Title = {Environmental risk of drilling in Arctic too high, CEO of oil giant Total says},
	url = "http://worldnews.nbcnews.com/_news/2012/09/26/14107150-environmental-risk-of-drilling-in-arctic-too-high-ceo-of-oil-giant-total-says",
	Year = {2012},
}

@article{Ukala_2011,
	Author = {Ukala, Eferiekose},
	Journal = {Journal of Energy, Climate and Environment},
	Pages = {98-126},
	Title = {Gas Flaring in Nigeriaâ€™s Niger Delta: Failed Promises and Reviving Community Voices},
	Year = {2011},
	url = "http://scholarlycommons.law.wlu.edu/jece/vol2/iss1/4/",
}

@misc{UTAM_2013,
	Author = "{University of Toronto Asset Management Corporation (UTAM)}",
	Month = mar,
	Title = {International Equities - Above \$1 Million},
	Year = {2012},
}

@misc{Steiner_2008,
	Author = {Steiner, Richard},
	Institution = {Milieu Defense},
	Title = {International Standards to Prevent and Control Pipeline Oil Spills, Compared with Shell Practices in Nigeria},
	Year = {2008},
}

@misc{Sosa_2011,
	Author = {Sosa, Irene},
	Institution = {Sustainalytics},
	Title = {License to Operate: Indigenous Relations and Free Prior and Informed Consent in the Mining Industry},
	url = "http://www.sustainalytics.com/sites/default/files/indigenouspeople_fpic_final.pdf",
	Year = {2011},
}

@misc{Memorandum_2012,
	author = "{Natural Resources Canada}",
	Month = jun,
	Title = {Memorandum to the Minister: Pending Release by Natural Resources Canada of Reports on Natural vs. Human-Caused Contamination in the Oil Sands Region of the Athabasca River, Alberta},
	Year = {2012},
	url = "http://www.scribd.com/doc/125689533/Oilsands-groundwater-contamination",
}

@misc{NigerDeltaReport_2006,
	author = "{Nigeria Conservation Foundation and IUCN/CEESP}",
	title = {Niger Delta Natural Resource Damage Assessment and Restoration Project â€“ Phase I Scoping Report},
	url = "http://cmsdata.iucn.org/downloads/niger_delta_natural_resource_damage_assessment_and_restoration_project_recommendation.doc",
	Year = {2006},
}

@misc{HSBC_2013,
	Author = {Spedding, P. and Mehta, K. and Robins, N.},
	Institution = {HSBC Global Research},
	Month = jan,
	Title = {Oil and carbon revisited: Value at risk from `unburnable' reserves},
	Year = {2013},
}

@misc{OutInTheCold_2012,
	author = "{Greenpeace, Platform, and FairPensions}",
	Month = may,
	Title = {Out in the Cold: Investor Risk in Shellâ€™s Arctic Exploration},
	url = "http://www.greenpeace.de/fileadmin/gpd/user_upload/themen/oel/20120521-Risiken-Oelbohrungen-Arktis-Investoren-englisch.pdf",
	Year = {2012},
}

@misc{NorwayPetition_2012,
	Month = feb,
	author = "{Right Livelihood Award Foundation}",
	Title = {Petition for Norway Pension Fund. The Right Livelihood Award},
	url = "http://www.rightlivelihood.org/petition_norway_shell.html",
	Year = {2012},
}

@misc{TobaccoReport_2007,
	Author = "{University of Toronto Advisory Board on Tobacco Investment}",
	Month = feb,
	Title = {Report of the Advisory Board on Tobacco Investment},
	Year = {2007},
	url = "http://toronto350.org/files/TobaccoReport_2007.pdf"
}

@misc{RiskingRuin_2012,
	Author = {Amuna, B. and Bassey, N. and Deranger, E.  and Gemmill, F. and Laboucon-Massimo, M.  and Plain, R. and Vassey, D.},
	Institution = {Indigenous Environmental Network \& The Athabasca Chipewyan First Nation},
	Title = {Risking Ruin: Shellâ€™s Dangerous Developments in the Tar Sands, Arctic, and Nigeria},
	url = "http://platformlondon.org/wp-content/uploads/2012/06/Shell-Risking-Ruin.pdf",
	Year = {2012},
}

@misc{Bribery_2010,
	Lastchecked = {March 10th 2013},
	author = "Scannell, Kara and Catan, Thomas",
	Title = {Settlements Near In Bribery Case},
	Month = oct,
	Url = {http://online.wsj.com/article/SB10001424052748703631704575552410420207630.html?mod=djem_jiewr_BE_domainid},
	Year = {2010},
}

@misc{ShellBribes_2010,
	Lastchecked = {March 10th 2013},
	Title = "Shell Bribes Among `Culture of Corruption,' Panalpina Admits",
	author = "Voreacos, David and Calkins, Laurel Brubaker",
	Month = nov,
	Url = {http://www.bloomberg.com/news/2010-11-05/shell-bribes-among-culture-of-corruption-panalpina-admits.html},
	Year = {2010},
}

@misc{Steiner_2010,
	Author = {Steiner, Richard},
	Institution = {Milieu Defense},
	Title = {Double standard: Shell practices in Nigeria compared with international standards to prevent and control pipeline oil spills and the Deepwater Horizon oil spill},
	url = "http://www.milieudefensie.nl/publicaties/rapporten/double-standard",
	Year = {2010},
}

@misc{Syria_2011,
	Author = {Minio-Paluello, Mika},
	Title = {Shell supports Syrian regime with \$55 million during crackdown; one out of six Syrian tanks runs on Shell oil.},
	url = "http://platformlondon.org/2011/05/29/shell-supports-syrian-regime-with-55-million-during-crackdown-one-out-of-six-syrian-tanks-runs-on-shell-oil/",
	year = "{2011}",
}

@book{Richardson_2008,
	Author = {Richardson, Benjamin},
	Month = jun,
	Publisher = {Oxford University Press},
	Title = {Socially Responsible Investment Law: Regulating the Unseen Polluters},
	Year = {2008},
}

@misc{carbontracker,
	Lastchecked = {March 16th 2013},
	author = "{Carbon Tracker Initiative}",
	title = "Carbon Tracker Initiative",
	url = {http://www.carbontracker.org},
}

%beginstu

@misc{MEEPlan,
	AUTHOR = "{MinistÃ¨re de lâ€™Ã‰cologie, de lâ€™Ã‰nergie, du DÃ©veloppement durable et de la Mer, en charge des Technologies vertes et des NÃ©gociations sur le climat}", 
	TITLE = "Plan de climate de la France: mise en oeuvre du Grenelle Environement",
	URL = "http://www.developpement-durable.gouv.fr/IMG/pdf/09003_PLAN_CLIMAT.pdf",
	URLYEAR = 2010,
}

@misc{MEEImpacts,
	AUTHOR = "{MinistÃ¨re de lâ€™Ã‰cologie, du DÃ©veloppement durable et de lâ€™Ã‰nergie}", 
	TITLE = "Impacts et adaptation (ONERC)",
	URL = "http://www.developpement-durable.gouv.fr/-Impacts-et-adaptation-ONERC-.html",
	URLYEAR = 2013,
}

@article{DupuisClimatique,
	AUTHOR = "Dupuis, Pascal",
	Journal = {ResponsabilitÃ© et Environnement},
	Month = oct,
	Title = {La politique de la France en matiÃ¨re dâ€™adaptation au changement climatique},
	Volume = {56},
	Pages = "56-65",
	Year = {2009},
}

@misc{DiplomatieClimatique,
	AUTHOR = "{France Diplomatie}", 
	TITLE = "Changement Climatique",
	URL = "http://www.diplomatie.gouv.fr/fr/politique-etrangere-de-la-france/environnement-et-developpement/changement-climatique-2496/",
	URLYEAR = 2012,
}

%endstu

%beginemily

@misc{WHcc2013,
	author = "{The White House}",
	TITLE = "Climate Change",
	URL = "http://www.whitehouse.gov/energy/climate-change",
	URLYEAR = 2013,
}

@misc{WHadaptation2013,
	author = "{The White House}",
	TITLE = "Climate Change Adaptation Task Force",
	URL = "http://www.whitehouse.gov/administration/eop/ceq/initiatives/adaptation",
	URLYEAR = 2013,
}
	
@misc{WHenergy,
	author = "{The White House}",
	TITLE = "Develop and Secure America's Energy Resources",
	URL = "http://www.whitehouse.gov/energy/securing-american-energy#clean%20energy",
	URLYEAR = 2013,
}
	
@misc{EPAinitiatives,
	author = "{United States Environmental Protection Agency}",
	TITLE = "Regulatory Initiatives",
	URL = "http://www.epa.gov/climatechange/EPAactivities/regulatory-initiatives.html",
	URLYEAR = 2013,
}
	
@misc{EPAwater,
	AUTHOR = "{United States Environmental Protection Agency}",
	TITLE = "Water: Climate Ready Estuaries",
	URL = "http://water.epa.gov/type/oceb/cre/index.cfm",
	URLYEAR = 2013,
}

@misc{EPAwaterutilities,
	AUTHOR = "{United States Environmental Protection Agency}",
	TITLE = "Climate Ready Water Utilities (CRWU)",
	URL = "http://water.epa.gov/infrastructure/watersecurity/climate/",
	URLYEAR = 2013,
}

@misc{USDTaction,
	AUTHOR = "{United States Department of Transportation}",
	TITLE = "Climate Action Plans",
	URL = "http://climate.dot.gov/state-local/local-action-plans.html",
	URLYEAR = 2013,
}
	
@misc{USDTinitiatives,
	AUTHOR = "{United States Department of Transportation}",
	TITLE = "State and Regional Initiatives",
	URL = "http://climate.dot.gov/state-local/regional-initiatives.html",
	URLYEAR = 2013,
}
	
@misc{EPAdatabase,
	AUTHOR = "{United States Environmental Protection Agency}",
	TITLE = "Climate Change Action Plans",
	URL = "http://www.epa.gov/statelocalclimate/local/local-examples/action-plans.html",
	URLYEAR = 2013,
}

@misc{CCS,
	AUTHOR = "{Centre for Climate Strategies}",
	TITLE = "Climate Actions in Progress",
	URL = "http://www.climatestrategies.us/",
	URLYEAR = 2013,
}
	
@misc{CCESmaps,
	AUTHOR = "{Centre for Climate and Energy Solutions}",
	TITLE = "US Climate Policy Maps",
	URL = "http://www.c2es.org/us-states-regions/policy-maps",
	URLYEAR = 2013,
}
	
@misc{CCESinitiatives,
	AUTHOR = "{Centre for Climate and Energy Solutions}",
	TITLE = "Multi-State Climate Initiatives",
	URL = "http://www.c2es.org/us-states-regions/regional-climate-initiatives",
	URLYEAR = 2013,
}
	
@misc{DEFRAmitigating,
	AUTHOR = "{Department for Environment, Food \& Rural Affairs}",
	TITLE = "Mitigating Climate Change-Defra's role",
	URL = "http://www.defra.gov.uk/environment/climate/mitigating",
	URLYEAR = 2013,
}
	
@misc{DEFRAgovnt,
	AUTHOR = "{Department for Environment, Food \& Rural Affairs}",
	TITLE = "What is Government doing?",
	URL = "http://www.defra.gov.uk/environment/climate/government/",
	URLYEAR = 2013,
}
	
@misc{UKgovnt,
	AUTHOR = "{Government of the United Kingdom}",
	TITLE = "Reducing the UK's greenhouse gas emissions by 80\% by 2050",
	URL = "https://www.gov.uk/government/policies/reducing-the-uk-s-greenhouse-gas-emissions-by-80-by-2050",
	URLYEAR = 2013,
}
	
@misc{BMUgeneralinfo,
	AUTHOR = "{German Federal Ministry for the Environment, Nature Conservation, and Nuclear Safety}",
	TITLE = "General Information-Climate Protection",
	URL = "http://www.bmu.de/en/topics/climate-energy/climate/general-information/",
	URLYEAR = 2013,
}

@misc{BMUscenarios,
	AUTHOR = "{German Federal Ministry for the Environment, Nature Conservation, and Nuclear Safety}",
	TITLE = "Scenarios provide important decision-making basis for energy concept",
	URL = "http://www.bmu.de/en/bmu/press-and-speeches/current-press-releases/pm/artikel/scenarios-provide-important-decision-making-basis-for-energy-concept-1/",
	URLYEAR = 2010,
}

@misc{BMUenergy2050,
	AUTHOR = "{German Federal Ministry for the Environment, Nature Conservation, and Nuclear Safety}",
	TITLE = "Energy Concept 2050: Milestones and Assessments",
	URL = "http://www.bmu.de/en/topics/climate-energy/transformation-of-the-energy-system/resolutions-and-measures/energy-concept-2050-milestones-long-term-development-path-for-ambitious-climate-protection-targets-energy-efficiency-and-renewables/",
	URLYEAR = 2010,
}

@misc{CPTgermany,
	AUTHOR = "{Climate Policy Tracker}",
	TITLE = "Germany",
	URL = "http://www.climatepolicytracker.eu/sites/all/files/Germany2011.pdf",
	URLYEAR = 2011,
}
	
@misc{BMUprogramme,
	AUTHOR = "{German Federal Ministry for the Environment, Nature Conservation, and Nuclear Safety}",
	TITLE = "The Integrated Energy and Climate Programme of the German Government",
	URL = "http://www.bmu.de/fileadmin/bmu-import/files/english/pdf/application/pdf/hintergrund_meseberg_en.pdf",
	URLYEAR = 2007,
}
	
@misc{Lutenegger,
	AUTHOR = "Lutenegger, Brian",
	TITLE = "Environmental and Energy Study Institute Issue Brief: China's Actions on Clean Power",
	URL = "http://files.eesi.org/IssueBrief_101112_chinacleanenergy.pdf",
	URLYEAR = 2012,
}

@misc{CHINApolicies,
	AUTHOR = "{The National Development and Reform Commission, the People's Republic of China}",
	TITLE = "China's Policies and Actions for Addressing Climate Change",
	URL = "http://qhs.ndrc.gov.cn/zcfg/W020121122588539459161.pdf",
	URLYEAR = 2012,
}

@MISC{CERACrossing,
    AUTHOR = "{Cambridge Energy Research Associates}",
    TITLE = "Crossing the Divide: The Future of Clean Energy",
	url = "http://www.precaution.org/lib/crossing_the_divide_brochure.080105.pdf",
	year = "{2007}",
}

@MISC{CTI2013,
    author = {{Carbon Tracker Institute}},
	title = {Unburnable Carbon 2013: Wasted capital and stranded assets},
	year = {2013},
	url = {http://carbontracker.live.kiln.it/Unburnable-Carbon-2-Web-Version.pdf},
}

@MISC{Guardian6Trillion,
    author = "{Leggett, J. and McKibben, Bill}",
    title = "How your pension is being used in a \$6 trillion climate gamble",
    url = {http://www.guardian.co.uk/environment/blog/2013/apr/19/pension-6-trillion-climate-gamble},
    year = {2013},
}

@MISC{EconomistUnburnable,
    author = "{The Economist}",
    title = "Unburnable fuel",
    url = "http://www.economist.com/news/business/21577097-either-governments-are-not-serious-about-climate-change-or-fossil-fuel-firms-are",
    year = {2013},
    URLYEAR = 2013,
}

@MISC{JeremyGrantham,
    author = "Hickman, Leo",
    title = "Jeremy Grantham, environmental philanthropist: 'We're trying to buy time for the world to wake up'",
    url = "http://www.guardian.co.uk/environment/2013/apr/12/jeremy-grantham-environmental-philanthropist-interview",
    year = {2013},
    URLYEAR = 2013
}

@MISC{GPCCS,
    author = "Greenpeace",
    title = "False Hope: Why carbon capture and storage wonâ€™t save the climate",
    url = "http://www.greenpeace.org/usa/Global/usa/report/2008/5/false-hope-why-carbon-capture.pdf",
    year = {2013},
    URLYEAR = 2008,
}

@MISC{SmartPlanetCCS,
    author = "Nelder, Chris",
    title = "Why carbon capture and storage will never pay off",
    url = "http://www.smartplanet.com/blog/take/why-carbon-capture-and-storage-will-never-pay-off/534",
    year = {2013},
    URLYEAR = 2013
}

@MISC{BlombergAussieWind,
    author = "{Bloomberg New Energy Finance}",
    title = "Renewable Energy Now Cheaper Than New Fossil Fuels in Australia",
    url = "http://about.bnef.com/press-releases/renewable-energy-now-cheaper-than-new-fossil-fuels-in-australia/",
    year = {2013},
    URLYEAR = 2013,
}

@misc{SmartPlanetSolar100,
    author = "Fleischfresser, Channtal",
    title = "Solar power produced 100\% of new energy on U.S. grid in March",
    url = "http://www.smartplanet.com/blog/bulletin/solar-power-produced-100-of-new-energy-on-us-grid-in-march/18083",
    year = {2013},
    URLYEAR = 2013,
}

@misc{SandPConstrained,
    author = "Redmond, Simon and Wilkins, Michael",
    title = "What A Carbon-Constrained Future Could Mean For Oil Companies' Creditworthiness",
    url = "http://www.carbontracker.org/wp-content/uploads/downloads/2013/03/SnPCT-report-on-oil-sector-carbon-constraints_Mar0420133.pdf",
    year = {2013},
}

@misc{GFFMyMoney,
    author = "{Fossil Free}",
    title = "Move My Money",
    url = "http://gofossilfree.org/mymoney/",
    year = {2013},
    URLYEAR = 2013
}

@misc{GlobalDataSolar,
    author = "GlobalData",
    title = "Grid Parity for Wind and Solar Power - Future Outlook and Impact Analysis",
    url = "http://store.globaldata.com/market-reports/alternative-energy/Grid-Parity-for-Wind-and-Solar-Power-Future-Outlook-and-Impact-Analysis",
    year = {2012},
    URLYEAR = 2013,
}

@misc{TargetAtmosphere,
    author = "Hansen, James and Sato, Makiko and Kharecha, Pushker , and Beerling, David and Masson-Delmotte, Valerie and Pagani, Mark and Raymo, Maureen and Royer, Dana L. and Zachos, James C.",
    title = "Target Atmospheric \ce{CO2}: Where Should Humanity Aim? ",
    url = "http://www.columbia.edu/~jeh1/2008/TargetCO2_20080407.pdf",
    year = {2008},
    URLYEAR = 2013,
}

@misc{WorldBank4C,
    author = "{The World Bank}",
    title = "Turn Down the Heat: Why a 4Â°C Warmer World Must be Avoided",
    url = "http://climatechange.worldbank.org/sites/default/files/Turn_Down_the_heat_Why_a_4_degree_centrigrade_warmer_world_must_be_avoided.pdf",
    year = {2012},
    URLYEAR = 2013,
}

@misc{CaseForDivestment,
    author = "McKibben, Bill",
    title = "The Case for Fossil-Fuel Divestment",
    url = "http://www.rollingstone.com/politics/news/the-case-for-fossil-fuel-divestment-20130222",
    year = {2013},
    URLYEAR = 2013,
}

@misc{ClimateInteractivePersist,
    author = "Sawin, Elizabeth",
    title = "Carbon Dioxide Will Persist in the Atmosphere Long After Current Decision Makers Have Left Their Roles: On Ethical Grounds, Young People Should Have a Say",
    url = "https://climateinteractive.wordpress.com/2012/12/05/carbon-dioxide-will-persist-in-the-atmosphere-long-after-current-decision-makers-have-left-their-roles-on-ethical-grounds-young-people-should-have-a-say/",
    year = {2012},
    URLYEAR = 2013,
}

@misc{FTOvervalued,
    author = "Stern, Nicholas",
    title = "A profound contradiction at the heart of climate change policy",
    url = "http://www.ft.com/intl/cms/s/0/52f2709c-20f0-11e1-8a43-00144feabdc0.html",
    year = {2011},
    URLYEAR = 2013,
}

@misc{BusinessWeekOvervalued,
    author = "{Bloomberg Businessweek}",
    title = "Economist: Energy reserves overvalued by global markets",
    url = "http://investing.businessweek.com/research/markets/news/article.asp?docKey=600-201304201443UPI_____TOPITRAK_130454_7316-1",
    year = {2013},
    URLYEAR = 2013,
}

@book{DARACVM,
    author = "{DARA International}",
    title = "Climate Vulnerability Monitor: A Guide to the Cold Calculus of A Hot Planet",
    edition = "2nd edition",
    publisher = "DARA and the Climate Vulnerable Forum",
	url = "http://www.daraint.org/wp-content/uploads/2012/10/CVM2-Low.pdf",
    year = {2012},
    month = sep,
}

@misc{CCLatinAmerica,
    author = "{Economic Commission for Latin America and the Caribbean}",
    title = "Economics of Climate Change in Latin America and the Caribbean",
    url = "http://www.eclac.cl/publicaciones/xml/3/38133/2009-851-Summary-Economics_climate_change-WEB.pdf",
    year = {2009},
    URLYEAR = 2013,
}

%endemily

@misc{TorontoEnvOff2007,
	author = "{Toronto Environment Office}",
	title = "Climate Change, Clean Air and Sustainable Energy Action Plan",
	url = "http://www.toronto.ca/changeisintheair/pdf/clean_air_action_plan.pdf",
	year = {2007},
}

@misc{TorontoAQandCC,
	author = "{City of Toronto}",
	title = "Toronto Atmospheric Fund - Emission reduction",
	url = "http://www.toronto.ca/taf/emission_reduction.htm",
	URLYEAR = 2013,
}

@misc{UTAM_2012,
	author = "{University of Toronto Asset Management Corporation}",
	title = "Canadian Equities Above \$1 Million As at March 31, 2012",
	url = "http://www.utam.utoronto.ca/Assets/UTAM+Digital+Assets/UTAM/UTAM+Digital+Assets/reports/Canadian+Q1+2012.pdf",
	year = {2012},
}

@misc{UTAM_2012_US,
	author = "{University of Toronto Asset Management Corporation}",
	title = "US Equities Above \$1 Million As at March 31, 2012",
	url = "http://www.utam.utoronto.ca/Assets/UTAM+Digital+Assets/UTAM/UTAM+Digital+Assets/reports/US+Q1+2012.pdf",
	year = {2012},
}

@misc{UTAM_2012_Int,
	author = "{University of Toronto Asset Management Corporation}",
	title = "International Equities Above \$1 Million As at March 31, 2012",
	url = "http://www.utam.utoronto.ca/Assets/UTAM+Digital+Assets/UTAM/UTAM+Digital+Assets/reports/International+Q1+2012.pdf",
	year = {2012},
}

@misc{InstitutionalPurpose,
	author = "{University of Toronto Governing Council}",
	title = "Statement of Institutional Purpose",
	url = "http://www.governingcouncil.utoronto.ca/policies/mission.htm",
	year = {1992},
}

@misc{CopenhagenAccord,
	author = "{The Heads of State, Heads of Government, Ministers, and other heads of delegation present at the United Nations Climate Change Conference 2009 in Copenhagen}",
	title = "Copenhagen Accord",
	url = "http://unfccc.int/resource/docs/2009/cop15/eng/l07.pdf",
	year = {2009},
}

@misc{USDTprograms,
	AUTHOR = "United States Department of Transportation",
	TITLE = "DOT Programs",
	URL = "http://climate.dot.gov/policies-legislation-programs/federal-org-directory.html",
	URLYEAR = 2013,
}

% Citations added for section 6 by Milan on 2013-MAY-15

@misc{DutchResponsible,
	author = "Sekularac, Ivana and Deutsch, Anthony",
	title = "Dutch court says Shell responsible for Nigeria spills",
	url = "http://www.reuters.com/article/2013/01/30/us-shell-nigeria-lawsuit-idUSBRE90S16X20130130",
	year = {2013},	
}

@misc{Ogoniland,
	author = "{United Nations Environment Programme}",
	title = "Environmental Assessment of Ogoniland",
	url = "http://postconflict.unep.ch/publications/OEA/UNEP_OEA.pdf",
	year = {2012},
}

@misc{ShellTrialDelayed,
	author = "Kearney, Christine",
	title = "New York trial delayed for Nigerians suing Shell",
	url = "http://uk.reuters.com/article/2009/04/06/shell-nigeria-idUKN0641522820090406?sp=true",
	year = {2009},
}

@misc{Shell15Million,
	author = "Mouawad, Jad",
	title = "Shell to Pay \$15.5 Million to Settle Nigerian Case",
	url = "http://www.nytimes.com/2009/06/09/business/global/09shell.html",
	year = "{2009}"
}

@misc{KiobelShell,
	author = "{Centre for Constitutional Rights}",
	title = "Kiobel v. Royal Dutch Petroleum Co.",
	url = "http://ccrjustice.org/ourcases/current-cases/kiobel",
	URLYEAR = "{2013}",
}

@misc{TortureComplicity,
	author = "{Radio France Internationale}",
	title = "Shell could face trial in US for alleged complicity in torture in Nigeria",
	url = "http://www.english.rfi.fr/node/138583",
	year = "{2012}",
}

@misc{OrderedFarmer,
	author = "Chazan, Guy",
	title = "Shell ordered to pay Niger Delta farmer",
	url = "http://www.ft.com/intl/cms/s/0/d30ad810-6acc-11e2-9670-00144feab49a.html",
	year = "{2013}",
}

@misc{OilSpoils,
	author = "{The Economist}",
	title = "Oil spoils",
	url = "http://www.economist.com/node/21525963",
	year = "{2011}",
}
	
@misc{MixedVerdict,
	author = "{The Economist}",
	title = "A mixed verdict",
	url = "http://www.economist.com/blogs/baobab/2013/02/shell-and-nigeria",
	year = "{2013}",
}

@misc{AlbertaEnergy,
	author = "{AlbertaEnergy}",
	title = "Facts and Statistics",
	url = "http://www.energy.alberta.ca/oilsands/791.asp",
	urlyear = "{2013}",
}

@misc{FNSues,
	author = "{CTV Calgary}",
	title = "First Nation sues Shell",
	url = "http://calgary.ctvnews.ca/first-nation-sues-shell-1.733736",
	year = "{2011}",
}

@misc{CivilAndPolitical,
	author = "{United Nations General Assembly}",
	title = "International Covenant on Civil and Political Rights, G.A. res. 2200A (XXI), 21 U.N. GAOR Supp. (No. 16) at 52, U.N. Doc. A/6316 (1966), 999 U.N.T.S. 171",
	url = "http://www1.umn.edu/humanrts/instree/b3ccpr.htm",
	year = "{1976}",
}

@misc{ShellIndex,
	author = "Reuters",
	title = "Shell to scrap bonus link to sustainability index",
	url = "http://www.reuters.com/article/2011/03/07/shell-idAFLDE7261PQ20110307",
	year = "{2011}",
}

@misc{Wadhams2012,
	author = "Vidal, John",
	title = "Arctic expert predicts final collapse of sea ice within four years",
	url = "http://www.guardian.co.uk/environment/2012/sep/17/arctic-collapse-sea-ice",
	year = "{2012}"
}

@misc{ShellSuspends,
	author = "Broder, John M.",
	title = "With 2 Ships Damaged, Shell Suspends Arctic Drilling",
	url = "http://www.nytimes.com/2013/02/28/business/energy-environment/shell-suspends-arctic-drilling-for-2013.html?_r=0",
	year = "{2013}",
}

@misc{RigFindings,
	author = "Cockerham, Sean",
	title = "Coast Guard: Shell Arctic rig findings turned over to Justice Dept.",
	url = "http://www.adn.com/2013/02/22/2798607/coast-guard-finds-violations-on.html",
	year = "{2013}",
}

% Citations added by Milan after 25-May-2013

@misc{CanadaCarbonLiabilities,
	author = "Lee, Marc and Ellis, Brock",
	title = "Canada's Carbon Liabilities: The Implications of Stranded Fossil Fuel Assets for Financial Markets and Pension Funds",
	url = "http://www.policyalternatives.ca/publications/reports/canadas-carbon-liabilities",
	year = "{2013}",
}

@misc{Stern2008,
	author = "Adam, David",
	title = "I underestimated the threat, says Stern",
	url = "http://www.guardian.co.uk/environment/2008/apr/18/climatechange.carbonemissions",
	year = "{2008}",
}

@misc{ShellArcticOilRush,
	author = "Gemmill, Faith",
	title = "Shell and the Arctic Oil Rush",
	url = "http://climate-connections.org/2013/05/24/shell-and-the-arctic-oil-rush/",
	year = "{2013}",
}

@misc{OntarioCCandAg,
	author = "{Ontario Ministry of Agriculture and Food}",
	title = "Climate Change and Agriculture",
	url = "http://www.omafra.gov.on.ca/english/engineer/facts/climatechange.htm".
	urlyear = "{2013}",
}

@misc{Amiraslany2010,
	author = "Amiraslany, Afshin",
	title = "The impact of climate change on Canadian agriculture : a Ricardian approach",
	url = "http://ecommons.usask.ca/handle/10388/etd-05252010-102012",
	year = "{2010}",
}

@article{IsikDevadoss2006,
	author = "Isik, Murat and Devadoss, Stephen",
	title = "An analysis of the impact of climate change on crop yields and yield variability",
	journal = "{Applied Economics}",
	volume = {38},
	issue = {7},
	year = {2006},
	pages = {835-44},
	url = "http://www.tandfonline.com/doi/abs/10.1080/00036840500193682#.UaFBDWT7284",
}

@misc{Malcolm2012,
	author = "Malcolm, Scott and Marshall, Elizabeth and Aillery, Marcel and Heisey, Paul and Livingston, Michael and  Day-Rubenstein, Kelly",
	title = "Agricultural Adaptation to a Changing Climate: Economic and Environmental Implications Vary by U.S. Region",
	url = "http://www.ers.usda.gov/media/848748/err136.pdf",
	year = "{2012}",
}	

@misc{NOAAteleconf2013,
	author = "{National Oceanic and Atmospheric Administration}",
	title = "NOAA Monthly Climate Teleconference: February 2013",
	url = "http://www.noaanews.noaa.gov/advisories/20130219-advisory-climatewebinar.html",
	year = "{2013}",
}

@incollection{Koshida2005,
	author = "Koshida, Grace and Alden, Marianne and Cohen, Stuart and Halliday, Robert and Mortsch, Linda and Wittrock, Virginia and Maarouf, Abdel",
	title = "Drought Risk Management in Canada-U.S. Transboundary Watersheds: Now and in the Future. Drought and Water Crises: Science, Technology, and Management Issues",
	editor = "Wilhite, Donald A. ",
	booktitle = "Drought and Water Crises: Science, Technology, and Management Issues",
	publisher = "CRC Press",
	year = "{2005}",
}

@misc{Farming2050,
	author = "Nelson, Gerald C. and Rosegrant, Mark W. and Palazzo, Amanda and Gray, Ian and Ingersoll, Christina and Robertson, Richard and Tokgoz, Simla and Zhu, Tingju and Sulser, Timothy B. and Ringler, Claudia and Msangi, Siwa and You, Liangzhi",
	title = "Food Security, Farming, and Climate Change to 2050: Scenarios, Results, Policy Options",
	url = "http://www.ifpri.org/sites/default/files/publications/rr172.pdf",
	year = {2010},
}

@misc{Lemmen2010,
	editor = "Lemmen, Donald S. and Warren, Fiona J.",
	title = "Climate Change	Impacts and Adaptation:	A Canadian Perspective",
	url = "http://www.nrcan.gc.ca/sites/www.nrcan.gc.ca.earth-sciences/files/pdf/perspective/pdf/report_e.pdf",
	year = {2010},
}

@misc{ImpToAda,
	author = "{Natural Resources Canada}",
	title = "From Impacts to Adaptation: Canada in a Changing Climate 2007",
	url = "http://www.nrcan.gc.ca/sites/www.nrcan.gc.ca.earth-sciences/files/pdf/assess/2007/pdf/full-complet_e.pdf",
	year = "{2007}",
}

@misc{PercyRisingTide,
	author = "Percy, Jon",
	title = "A Rising Tide of Change",
	url = "http://www.elements.nb.ca/theme/climate07/jon/jon.htm",
	year = "{2007}",
}

@misc{IPCCHurricane,
	author = "{Intergovernmental Panel on Climate Change}",
	title = "Has there been a Change in Extreme Events like Heat Waves, Droughts, Floods and Hurricanes?",
	url = "https://www.ipcc.ch/publications_and_data/ar4/wg1/en/faq-3-3.html",
	year = "{2007}",
}

@article{Knutson2004,
	author = "Knutson, Thomas and Tuleya, Robert",
	title = "Impact of \ce{CO2} - Induced Warming on Simulated Hurricane Intensity and Precipitation: Sensitivity to the Choice of Climate Model and Convective Parameterization",
	journal = "Journal of Climate",
	year = "{2004}",
	volume = {17},
	number = {18},
	url = "http://www.gfdl.noaa.gov/bibliography/related_files/tk0401.pdf",
}

@misc{NRTEEPrice,
	author = "{National Round Table on the Environment and the Economy}",
	title = "Paying the Price: The Economic Impacts of Climate Change for Canada",
	url = "http://collectionscanada.gc.ca/webarchives2/20130322143132/http://nrtee-trnee.ca/wp-content/uploads/2011/09/paying-the-price.pdf",
	year = "{2011}",
}

@misc{TellingWeatherStory,
	author = "{The Institute for Catastrophic Loss Reduction}",
	title = "Telling the Weather Story",
	url = "http://www.ibc.ca/en/natural_disasters/documents/mcbean_report.pdf"
	year = "{2012}",
}

@misc{ClimateRiskInsurers,
	author = "Leurig, Sharlene",
	title = "Climate Risk Disclosure By Insurers: Evaluating Insurer Responses to the NAIC Climate Disclosure Survey",
	url = "http://www.ceres.org/resources/reports/naic-climate-disclosure",
	year = "{2011}",
}

% Sources added by Milan 26-May-2013

@misc{WHOClimateHealth,
	author = "{World Health Organization}",
	title = "Climate and health: Fact sheet, July 2005",
	url = "http://www.who.int/globalchange/publications/factsheets/fsclimandhealth/en/index.html",
	year = "{2005}",
}

@misc{WHOGlobalHealthRisks,
	author = "{World Health Organization}",
	title = "Global health risks: Mortality and Burden of Disease Attributable to Selected Major Risks",
	url = "http://www.who.int/healthinfo/global_burden_disease/GlobalHealthRisks_report_full.pdf",
	year = "{2009}",
}

@misc{HHInACC,
	author = "{Health Canada}",
	title = "Human Health in a Changing Climate: A Canadian Assessment of Vulnerabilities and Adaptive Capacity",
	url = "http://www.2degreesc.com/Files/CCandHealth.pdf",
	year = "{2008}",
}

@misc{TailingsLeaking,
	author = "De Souza, Mike",
	title = "Oilsands tailings leaking into groundwater, Joe Oliver told in memo",
	url = "http://o.canada.com/2013/02/17/oilsands-tailings-leaking-into-groundwater-joe-oliver-told-in-memo/",
	year = "{2013}",
}

@book{MacKay2009,
	author = "MacKay, David",
	title = "Sustainable Energy â€“ without the hot air",
	year = "{2009}",
	url = "http://withouthotair.com/",
}

@misc{TerrifyingNewMath,
	author = "McKibben, Bill",
	title = "Global Warming's Terrifying New Math",
	url = "http://www.rollingstone.com/politics/news/global-warmings-terrifying-new-math-20120719",
	year = "{2012}",
}

@misc{HotBackyard,
	author = "{This American Life}",
	title = "Hot In My Backyard",
	url = "http://www.thisamericanlife.org/radio-archives/episode/495/hot-in-my-backyard",
	year = "{2013}",
}

@misc{DistinguishedLecturer,
	author = "{University of Toronto Centre for Global Change Science}",
	title = "Distinguished Lecturer Series (2012-13)",
	url = "http://www.cgcs.utoronto.ca/Series/Lecture_Series.htm",
	year = "{2012}",
}

@misc{RobbingCarbonBank,
	author = "{ForestEthics}",
	title = "Robbing the Carbon Bank: Global Warming \& Ontario's Boreal Forest",
	url = "http://www.borealbirds.org/resources/report-fe-robbingthecarbonbank.pdf",
	year = "{2007}",
}

% Sources added by Milan on 2013-05-27

@misc{FramingFuture,
	author = "{National Round Table on the Environment and the Economy}",
	title = "Framing the Future: Embracing the Low-Carbon Economy",
	url = "http://collectionscanada.gc.ca/webarchives2/20130322185857/http://nrtee-trnee.ca/wp-content/uploads/2012/10/framing-the-future-report-eng.pdf",
	year = "{2012}",
}

% Sources added by Milan on 2013-06-02

@miscP{OntarioPledge,
	author = "{Algoma University, Brock University, Carleton University, the University of Guelph, Lakehead University, Laurentian University, McMaster University, Nipissing University, the University of Ontario Institute of Technology, the University of Ottawa, Queen's University, Ryerson University, the University of Toronto (President David Naylor), Trent University, the University of Waterloo, the University of Western Ontario, Wildred Laurier University, the University of Windsor, York University, the Ontario College of Art \& Design, and the Royal Military College of Canada}",
	title = "Ontario Universities Committed to a Greener World",
	url = "http://sustainability.utoronto.ca/Assets/Sustainability+Digital+Assets/commitment.pdf",
	year = "{2009}",
}

@misc{SocialStress,
	author = "Steinbruner, John D. and Stern, Paul C. and Husbands, Jo L.",
	title = "Climate and Social Stress: Implications for Security Analysis",
	url = "http://www.nap.edu/catalog.php?record_id=14682",
	year = "{2012}",
}

@book{Craven,
	author = "Craven, Greg",
	publisher = "Perigee Trade",
	title = "What's the Worst That Could Happen?: A Rational Response to the Climate Change Debate",
	year = "{2009}"
}

@misc{AbruptCCScenario,
	author = "Schwartz, Peter and Randall, Doug",
	title = "An Abrupt Climate Change Scenario and Its Implications for United States National Security",
	url = "http://www.climate.org/PDF/clim_change_scenario.pdf",
	year = "{2003}",
}

@misc{NationalSecurityCC,
	author = "{Center for Naval Analyses}",
	title = "National Security and the Threat of Climate Change",
	url = "http://www.cna.org/sites/default/files/news/FlipBooks/Climate%20Change%20web/flipviewerxpress.html",
	year = "{2007}",
}

@misc{AgeOfConsequences,
	author = "{Center for Strategic and International Studies and the Center for a New American Security}",
	title = "The Age of Consequences: The Foreign Policy and National Security Implications of Global Climate Change",
	url = "http://csis.org/files/media/csis/pubs/071105_ageofconsequences.pdf",
	year = "{2007}",
}

% Sources added by Stu on 2013-06-05

@misc{GCBLX,
	author  = "{Fidelity Investments}",
	title   = "GCBLX Summary - Green Century Balanced Fund",
	url     = "https://fundresearch.fidelity.com/mutual-funds/summary/392768107",
	year    = {2013},
	URLYEAR = 2013
}

@misc{PORTX,
	author  = "{Fidelity Investments}",
	title   = "PORTX Summary - Portfolio 21 Global Equity Fund Class R",
	url     = "https://fundresearch.fidelity.com/mutual-funds/summary/742935588",
	year    = {2013},
	URLYEAR = 2013
}

@misc{NEXTX,
	author  = "{Fidelity Investments}",
	title   = "NEXTX Summary - Shelton Green Alpha",
	url     = "https://fundresearch.fidelity.com/mutual-funds/summary/82301Q692",
	year    = {2013},
	URLYEAR = 2013 
}

@misc{FossilFreeInvesting,
	author  = "Humphreys, Joshua",
	title   = "Institutional Pathways to Fossil-Free Investing",
	url     = "http://gofossilfree.org/files/2013/05/Institutional-Pathways-to-Fossil-Free-Investing1.pdf",
	year    = {2013},
	URLYEAR = 2013 
}

@misc{UNEPFinanceInit,
	author = "{United Nations Environment Programme}",
	title   = "A legal framework for the integration of environmental, social and governance issues into institutional investment",
	url     = "http://www.unepfi.org/fileadmin/documents/freshfields_legal_resp_20051123.pdf",
	year    = {2005},
	URLYEAR = 2013 
}

@misc{MITConstraints,
	author  = "Chan, Gabriel and Reilly, John M. and Paltsev, Sergey and Chen, Y.-H. Henry",
	title   = "Canadaâ€™s Bitumen Industry Under \ce{CO2} Constraints",
	url     = "http://globalchange.mit.edu/files/document/MITJPSPGC_Rpt183.pdf",
	year    = {2010},
	URLYEAR = 2013, 
}

% Sources added by Milan 2013-06-08

@misc{McKinseyCurve,
	author = "{McKinsey \& Company}",
	title = "Impact of the Financial Crisis on Carbon Economics: Version 2.1 of the Global Greenhouse Gas Abatement Cost Curve",
	url = "http://www.mckinsey.com/client_service/sustainability/latest_thinking/greenhouse_gas_abatement_cost_curves",
	year = "2010",
}

@misc{WarrenBiodiversity,
	author = "Warren, R. and VanDerWal, J. and Price, J. and Welbergen, J. A. and Atkinson, I. and Ramirez-Villegas, J. and Osborn, T. J. and Jarvis, A. and Shoo, L. P. and  Williams, S. E. and Lowe, J.",
	title = "Quantifying the benefit of early climate change mitigation in avoiding biodiversity loss",
	url = "http://www.nature.com/nclimate/journal/vaop/ncurrent/full/nclimate1887.html",
	year = "{2012}",
}

@misc{IUCNSalmon,
	author = "{International Union for Conservation of Nature}",
	title = "Salmon and Climate Change: Fish in Hot Water",
	url = "http://www.wildsalmoncenter.org/pdf/salmon_and_climate_change.pdf",
	year = "{2009}",
}

@misc{IUCNMorePolarBear,
	author = "{International Union for Conservation of Nature}",
	title = "Species and Climate Change: More than Just the Polar Bear",
	url = "http://cmsdata.iucn.org/downloads/species_and_climate_change.pdf",
	year = "{2009}",
}

@misc{ACIA2004,
	author = "{International Arctic Science Committee}",
	title = "Arctic Climate Impact Assessment",
	url = "http://amap.no/acia/",
	year = "{2004}"
}

@article{CCInuitCommunities,
	author = "Ford, James D. and Smit, Barry and Wandel, Johanna and Allurut, Mishak and Shappa, Kik and Itusarjuat, Harry and Qrunnut, Kegin",
	title = "Climate change in the Arctic: current and future vulnerability in two Inuit communities in Canada",
	journal = "{The Geographical Journal}",
	volume = {174},
	number = {1},
	month = mar,
	year = "{2008}",
	url = "http://www.uoguelph.ca/gecg/images/userimages/Ford%20et%20al.%20(2008)_The%20Geographic%20Journal.pdf",
}

@misc{GHGPollutionToronto,
	author = "{ICF International}",
	title = "Greenhouse Gases and Air Pollutants in the City of Toronto: Toward a Harmonized Strategy for Reducing Emissions",
	url = "http://www.toronto.ca/taf/pdf/ghginventory_jun07.pdf",
	year = "{2007}",
}

@misc{CCAHealthEquity,
	author = "{The Clean Air Partnership}",
	title = "Climate Change Adaptation and Health Equity: Background Report",
	url = "http://www.toronto.ca/health/hphe/air_quality/pdf/climate_change_health_equity.pdf",
	year = "{2009},"
}

@misc{TorontoAheadStorm,
	author = "{Toronto Environment Office}",
	title = "Ahead of the Storm: Preparing Toronto for Climate Change",
	url = "http://www.toronto.ca/teo/pdf/ahead_of_the_storm.pdf",
	year = "{2008}",
}

@misc{ScanCCToronto,
	author = "{The Clean Air Partnership}",
	title = "A Scan of Climate Change Impacts on Toronto",
	url = "http://www.cleanairpartnership.org/pdf/climate_change_scan.pdf",
	year = "{2006}",
}

@misc{AdaptPrioritiesCanada,
	author = "Feltmate, Blair and Thistlewaite, Jason",
	title = "Climate Change Adaptation: A Priorities Plan for Canada",
	url = "https://uwaterloo.ca/environment/sites/ca.environment/files/uploads/files/CCAP-Report-30May-Final.pdf",
	year = "{2012}",
}

@misc{MacLeodAdaptation,
	author = "MacLeod, David",
	title = "Adaptation to a Changing Climate: City Infrastructure Preparedness",
	url = "http://www.fcm.ca/Documents/presentations/2011/webinars/Adaptation_to_a_Changing_Climate_EN.pdf",
	year = "{2011}",
}

@article{FreezingRain2007,
	author = "Cheng, C. S. and Auld, H. and Li, G. and Klaassen, J. and Li, Q.",
	title = "Possible impacts of climate change on freezing rain in south-central Canada using downscaled future climate scenarios",
	journal = "{Natural Hazards and Earth System Sciences}",
	number = {7},
	year = "{2007}",
	url = "http://www.nat-hazards-earth-syst-sci.net/7/71/2007/nhess-7-71-2007.html",
}

@article{EbiHealthJustice,
	author = "Ebi, Kristie",
	title = "Facilitating Climate Justice through Community-Based Adaptation in the Health Sector",
	journal = "{Environmental Justice}",
	volume = {2},
	issue = {4},
	month = dec,
	year = "{2009}",
	url = "http://online.liebertpub.com/doi/abs/10.1089/env.2009.0031",
}

@misc{HotWeatherResponse2006,
	author = "McKeown, David",
	title = "Hot Weather Response Plan - Update",
	url = "http://www.toronto.ca/health/hphe/pdf/boh_hot_weather.pdf",
	year = "{2006}",
}

@article{MarmotHealthOutcomes,
	author = "Marmot, Michael",
	title = "Achieving health equity: from root causes to fair outcomes",
	journal = "{The Lancet}",
	volume = {370},
	issue = {9593},
	month = sep,
	year = "{2007}",
	url = "http://www.thelancet.com/journals/lancet/article/PIIS0140-6736(07)61385-3/abstract",
}

@misc{ReducingHealthDisparities,
	author = "{Public Health Agency of Canada}",
	title = "Reducing Health Disparities - Roles of the Health Sector: Discussion Paper",
	url = "http://www.phac-aspc.gc.ca/ph-sp/disparities/ddp-eng.php",
	year = "{2004}",
}

@misc{HealthCanadaPreparingImpacts,
	author = "{Health Canada}",
	title = "Climate Change: Preparing for the Health Impacts",
	url = "http://www.hc-sc.gc.ca/sr-sr/pubs/hpr-rpms/bull/2005-climat/index-eng.php",
	year = "{2005}",
}

@misc{DemoProjections2012,
	author = "{Ontario Ministry of Finance}",
	title = "Ontario Population Projections Update: 2011 â€“ 2036",
	url = "http://www.fin.gov.on.ca/en/economy/demographics/projections/",
	year = "{2012}",
}

@misc{2006TorontoProfile,
	author = "{Statistics Canada}",
	title = "Aboriginal Profile for the City of Toronto",
	url = "http://www.toronto.ca/children/bs/aboriginal_profile.pdf",
	year = "{2006}",
}

@misc{SeniorsDemographicSnapshot,
	author = "{City of Toronto Social Development, Finance and Administration Division}",
	title = "Toronto Seniors Demographic Snapshot 2006",
	url = "http://www.toronto.ca/demographics/pdf/seniors_pres_2006_census_nov08.pdf",
	year = "{2006}",
}

@misc{LowIncomeProfile,
	author = "{City of Toronto Social Development, Finance and Administration Division}",
	title = "Profile of Low Income in the City of Toronto",
	url = "http://www.toronto.ca/demographics/pdf/poverty_profile_2010.pdf",
	year = "{2010}",
}

@misc{PovertyMakingSick,
	author = "Lightman, Ernie and Mitchell, Andrew and Wilson, Beth",
	title = "Poverty is making us sick: A comprehensive survey of income and health in Canada",
	url = "http://wellesleyinstitute.com/files/povertyismakingussick.pdf",
	year = "{2008}",
}

@misc{PovertyInequalityHealth,
	author = "Raphael, Dennis",
	title = "Poverty, Income Inequality, and Health in Canada",
	url = "http://www.povertyandhumanrights.org/docs/incomeHealth.pdf",
	year = "{2002}",
}

@misc{HomelessnessWaterloo,
	author = "Wandel, Johanna and Riemer, Manuel and de Gomez, Wendy and Klein, K. and de Schutter, J. and Randall, L. and Morrison, M. and Poirer, S. and Singleton, C.",
	title = "Homelessness and Global Climate Change in Waterloo Region: Are We Ready?",
	url = "http://www.homelesshub.ca/library/homelessness-and-global-climate-change-in-waterloo-region-are-we-ready-53859.aspx",
	year = "{2010}",
}

@misc{ExpertPanelAdapting2009,
	author = "{Expert Panel on Climate Change Adaptation}",
	title = "Adapting to Climate Change in Ontario",
	url = "http://www.ene.gov.on.ca/stdprodconsume/groups/lr/@ene/@resources/documents/resource/std01_079212.pdf",
	year = "{2009}",
}

@misc{20082009ActionPlan,
	author = "{Government of Ontario}",
	title = "Annual Report 2008-09: Climate Change Action Plan",
	url = "http://www.ene.gov.on.ca/stdprodconsume/groups/lr/@ene/@resources/documents/resource/std01_079210.pdf",
	year = "{2009}",
}

@misc{IPCCar4_syr,
	author = "{Intergovernmental Panel on Climate Change}",
	title = "Climate Change 2007: Synthesis Report",
	url = "http://www.ipcc.ch/pdf/assessment-report/ar4/syr/ar4_syr.pdf",
	year = "{2007}",
}

@misc{NRCANImpactsAdapt,
	author = "{Natural Resources Canada}",
	title = "Climate Change Impacts and Adaptation: A Canadian Perspective",
	url = "http://www.nrcan.gc.ca/sites/www.nrcan.gc.ca.earth-sciences/files/pdf/perspective/pdf/report_e.pdf",
	year = "{2004}",
}

@misc{MunichRECatast,
	author = "{Munich RE}",
	title = "Overall picture of natural catastrophes in 2010 â€“ Very severe earthquakes and many severe weather events",
	url = "http://www.munichre.com/en/media_relations/press_releases/2011/2011_01_03_press_release.aspx",
	year = "{2011}",
}

@misc{ECImpactsOfCC,
	author = "{Environment Canada}",
	title = "Impacts of Climate Change",
	url = "http://www.climatechange.gc.ca/default.asp?lang=En&n=036D9756-1",
	urlyear = "{2013}",
}

@article{DoreDisaster,
	author = "Dore, Mohammed",
	title = "Forecasting the Conditional Probabilities of Natural Disasters in Canada as a Guide for Disaster Preparedness",
	journal = "{Natural Hazards}",
	volume = {28},
	month = mar,
	year = "{2003}",
	url = "http://link.springer.com/article/10.1023%2FA%3A1022978024522",
}

@misc{WHOCCandHealth2012,
	author = "{World Health Organization}",
	title = "Climate change and health",
	url = "http://www.who.int/mediacentre/factsheets/fs266/en/",
	year = "{2012}",
}

@article{Costello2009,
	author = "Costello, Anthony and Abbas, Mustafa and Allen, Adriana and Ball, Sarah and Bell, Sarah and Bellamy, Richard and Friel, Sharon and Groce, Nora and Johnson, Anne and Kett, Maria and Lee, Maria and Levy, Caren and Maslin, Mark and McCoy, David and McGuire, Bill and Montgomery, Hugh and Napier, David and Pagel, Christina and Patel, Jinesh and de Oliveira, Jose Antonio Puppim and Redclift, Nanneke and Rees, Hannah and Rogger, Daniel and Scott, Joanne and Stephenson, Judith and Twigg, John and Wolff, Jonathan and Patterson, Craig",
	title = "Managing the health effects of climate change",
	journal = "{The Lancet}",
	month = may,
	year = "{2009}",
	url = "http://www.thelancet.com/journals/lancet/article/PIIS0140-6736%2809%2960935-1/fulltext",
}

@misc{WHOSocialDeterm,
	author = "{World Health Organization}",
	title = "Closing the gap in a generation: Health equity through action on the social determinants of health",
	url = "http://www.who.int/social_determinants/thecommission/finalreport/en/index.html",
	year = "{2008}",
}

@article{VulAborig2009,
	author = "Ford, James and Berrang-Ford, Lea and King, Malcolm and Furgal, Chris",
	title = "Vulnerability of Aboriginal health systems in Canada to climate change",
	journal = "{Global Environmental Change}",
	month = may,
	year = "{2010}",
	url = "http://www.jamesford.ca/wp-content/uploads/2010/06/in-press-version.pdf",
}

@misc{Toronto2013GHGmemo,
	author = "{City of Toronto}",
	title = "Summary of Toronto's 2011 Greenhouse Gas and Air Quality Pollutant Emissions Inventory",
	url = "http://www.toronto.ca/legdocs/mmis/2013/pe/bgrd/backgroundfile-57187.pdf",
	year = "{2013}",
}

@misc{TStarSellOff,
	author = "Girard, Daniel",
	title = "U of T to sell off its tobacco holdings",
	url = "http://www.thestar.com/news/2007/04/10/u_of_t_to_sell_off_its_tobacco_holdings.html",
	year = "{2007}",
}

@article{OilIndustryVanDenHove,
	author = "van den Hove, Sybille and Le Menestrel, Marc and de Bettignies, Henri-Claude",
	title = "The oil industry and climate change: strategies and ethical dilemmas",
	journal = "{Climate Policy}",
	volume = {2},
	issue = {1},
	month = may,
	year = "{2002}",
	url = "https://www.sciencedirect.com/science/article/pii/S1469306202000086",
}

@misc{UTEnvProtectionPolicy,
	author = "{University of Toronto Governing Council}",
	title = "University Environmental Protection Policy",
	url = "http://www.governingcouncil.utoronto.ca/policies/enviro.htm",
	year = "{2010}",
}

@misc{UCSB2013,
	author = "{University of California Santa Barbara Environmental Affairs Board}",
	title = "UCSB Faculty Senate Votes in Favor of Fossil Fuel Divestment",
	url = "http://eab.as.ucsb.edu/2013/06/03/ucsb-faculty-senate-votes-in-favor-of-fossil-fuel-divestment/",
	year = "{2013}",
}

@misc{BPArcticBillion,
	author = "{The Wall Street Journal}",
	title = "BP Plans \$1 Billion in New Spending on Alaska",
	url = "http://online.wsj.com/article/SB10001424127887324063304578523302286297478.html",
	year = "{2013}",
}

@misc{DOE22to36,
	author = "Plumer, Brad",
	title = "An obscure new rule on microwaves can tell us a lot about Obamaâ€™s climate policies",
	url = "http://www.washingtonpost.com/blogs/wonkblog/wp/2013/06/05/what-an-obscure-microwave-rule-says-about-obamas-climate-plans/",
	year = "{2013}",
}

@misc{WHStrengthened,
	author = "Henn, Jamie",
	title = "The White House Just Strengthened the Case for Fossil Fuel Divestment",
	url = "http://www.huffingtonpost.com/jamie-henn/fossil-fuel-divestment_b_3394142.html",
	year = "{2013}",
}

@misc{DEFRAShadowCost,
	author = "Price, Richard and Thornton, Simeon and Nelson, Stephen",
	title = "The Social Cost of Carbon and the Shadow Price of Carbon: What they are, and how to use them in economic appraisal in the UK",
	url = "http://archive.defra.gov.uk/evidence/series/documents/shadowpriceofcarbondec-0712.pdf",
	year = "{2007}",
}

@misc{HansenPaleo,
	author = "Hansen, James and Sato, Makiko",
	title = "Paleoclimate Implications for Human-Made Climate Change",
	url = "http://www.columbia.edu/~jeh1/mailings/2011/20110118_MilankovicPaper.pdf",
	year = "{2012}",
}

@misc{PacificChiefWorry,
	author = "Bender, Bryan",
	title = "Chief of US Pacific forces calls climate biggest worry",
	url = "http://www.bostonglobe.com/news/nation/2013/03/09/admiral-samuel-locklear-commander-pacific-forces-warns-that-climate-change-top-threat/BHdPVCLrWEMxRe9IXJZcHL/story.html",
	year = "{2013}",
}

@misc{BureaucratsUrged,
	author = "De Souza, Mike",
	title = "Bureaucrats urged Kent to take global warming seriously",
	url = "http://www.sierraclub.ca/en/climate-change/in-the-news/bureaucrats-urged-kent-take-global-warming-seriously",
	year = "{2011}",
}

@article{27declinecoral,
	author = "De'ath, Glenn and Fabricius, Katharina E. and Sweatman, Hugh and Puotinen, Marji",
	title = "The 27â€“year decline of coral cover on the Great Barrier Reef and its causes",
	journal = "Proceedings of the National Academy of Sciences",
	month = oct,
	year = "{2012}",
	url = "http://www.pnas.org/content/early/2012/09/25/1208909109",
}

@misc{NOAACoral,
	author  = "{National Oceanic and Atmospheric Administration}",
	title = "Heat Stress to Caribbean Corals in 2005 Worst on Record",
	url = "http://www.noaanews.noaa.gov/stories2010/20101115_coralbleaching.html",
	year = "{2010}",
}

@article{CaribbeanCorals,
	author = "Eakin, C. Mark and Morgan, Jessica A. and Heron, Scott F. and Smith, Tyler B. and Liu, Gang and Alvarez-Filip, Lorenzo and Baca, Bart and Bartels, Erich and Bastidas, Carolina and Bouchon, Claude and Brandt, Marilyn and Bruckner, Andrew W. and Bunkley-Williams, Lucy and Cameron, Andrew and Causey, Billy D. and Chiappone, Mark and Christensen, Tyler R. L. and Crabbe, M. James C and Day, Owen and de la Guardia, Elena and Diaz-Pulido, Guillermo and DiResta, Daniel and Gil-Agudelo, Diego L. and Gilliam, David S. and Ginsburg, Robert N. and Gore, Shannon and Guzman, Hector M. and Hendee, James C. and Hernandez-Delgado, Edwin A. and Husain, Ellen and Jeffrey, Christopher F. G. and Jones, Ross J. and Jordan-Dahlgren, Eric and Kaufman, Les S. and Kline, David I. and Kramer, Philip A. and Lang, Judith C. and Lirman, Diego and Mallela, Jennie and Manfrino, Carrie and Marechal, Jean-Philippe and Marks, Ken and Mihaly, Jennifer and Miller, W. Jeff and Mueller, Erich M. and Muller, Erinn M. and Toro, Carlos A. Orozco and Oxenford, Hazel A. and Ponce-Taylor, Daniel and Quinn, Norman and Ritchie, Kim B. and Rodriguez, Sebastian and Ramirez, Alberto Rodriguez and Romano, Sandra and Samhouri, Jameal F. and Sanchez, Juan A. and Schmahl, George P. and Shank, Burton V. and Skirving, William J. and Steiner, Sascha C. C. and Villamizar, Estrella and Walsh, Sheila M. and Walter, Cory and Weil, Ernesto and Williams, Ernest H. and Roberson, Kimberly Woody and Yusuf, Yusri",
	title = "Caribbean Corals in Crisis: Record Thermal Stress, Bleaching, and Mortality in 2005",
	journal = "PLOS One",
	year = "{2010}",
	url = "http://www.plosone.org/article/info%3Adoi%2F10.1371%2Fjournal.pone.0013969",
}

% Sources added by Milan 2013-06-11

@misc{IEA2012factsheet,
	author = "{International Energy Agency}",
	title = "World Energy Outlook 2012 Factsheet",
	url = "http://www.worldenergyoutlook.org/media/weowebsite/2012/factsheets.pdf",
	year = "{2012}",
}

@misc{ConcernedScientistsJobs,
	author = "{Union of Concerned Scientists}",
	title = "Clean Energy, Green Jobs",
	url = "http://www.ucsusa.org/clean_energy/smart-energy-solutions/increase-renewables/clean-energy-green-jobs.html",
	year = "{2009}",
}

@misc{CSBenefitsRenewable,
	author = "{Union of Concerned Scientists}",
	title = "Benefits of Renewable Energy Use",
	url = "http://www.ucsusa.org/clean_energy/our-energy-choices/renewable-energy/public-benefits-of-renewable.html",
	urlyear = "{2013}",
}

@misc{ThreatenGrowth,
	author = "De Souza, Mike",
	title = "Global climate efforts threaten oilsands growth, memo told Natural Resources Minister Joe Oliver",
	url = "http://www.canada.com/business/Global+climate+efforts+threaten+oilsands+growth+memo+told+Natural+Resources+Minister+Oliver/8202635/story.html",
	year = "{2013}",
}

@misc{ILOConv169,
	author = "{International Labour Organization}",
	title = "Convention No. 169",
	url = "http://www.ilo.org/indigenous/Conventions/no169/lang--en/index.htm",
	year = "{1989}",
}

@misc{CreeNationOilsands,
	author = "Pratt, Sheila",
	title = "Appeal court paves way for Cree nation's oilsands case to go to trial",
	url = "http://www.edmontonjournal.com/business/Appeal+court+paves+Cree+nation+oilsands+case+trial/8477719/story.html",
	year = "{2013}",
}

@misc{BandWinsTreatyRights,
	author = "Tait, Carrie and Cryderman, Kelly",
	title = "Alberta First Nations band wins right to trial over oil sands' effect on treaty rights",
	url = "http://www.theglobeandmail.com/report-on-business/industry-news/energy-and-resources/alberta-first-nations-band-wins-right-to-trial-over-oil-sands-effect-on-treaty-rights/article12353571/",
	year = "{2013}",
}

@misc{G8plusJointStatement,
	author = "{Academia Brasileira de Ciencias, Brazil; Royal Society of Canada, Canada; Chinese Academy of Sciences, China, Academie des Sciences, France; Deutsche Akademie der Naturforsher Leopoldina, Germany; Indian National Science Academy, India; Accademia Nazionale dei Lincei, Italy; Science Council of Japan, Japan; Academia Mexicana de Ciencias, Mexico; Russian Academy of Sciences, Russia; Academy of Science of South Africa, South Africa; Royal Society, United Kingdom; National Academy of Sciences, United States of America}",
	title = "G8+5 Academies' joint statement: Climate change and the transformation of energy technologies for a low carbon future",
	url = "http://www.nationalacademies.org/includes/G8+5energy-climate09.pdf",
	year = "{2009}",
}

@misc{StudentsClamoring,
	author = "Twomey, Matt",
	title = "Students Are Clamoring for Fossil Fuel Divestment",
	url = "http://www.cnbc.com/id/100788907",
	year = "{2013}",
}

@misc{WorldBankCarbonPricing,
	author = "{The World Bank}",
	title = "Mapping carbon pricing initiatives : developments and prospects",
	url = "http://documents.worldbank.org/curated/en/2013/05/17751166/mapping-carbon-pricing-initiatives-developments-prospects",
	year = "{2013}",
}

@misc{WoesReverse,
	author = "Schuetze, Christopher",
	title = "Environmental Woes Could Reverse Global Development",
	url = "http://rendezvous.blogs.nytimes.com/2013/03/18/environmental-woes-could-reverse-global-development/",
	year = "{2013}"
}

@misc{UNHumanDev2013,
	author = "{United Nations Development Programme}",
	title = "Human Development Report 2013: The Rise of the South: Human Progress in a Diverse World",
	url = "http://hdr.undp.org/hdr4press/press/report/index.html",
	year = "{2013}",
}

@misc{RisksForInvestors,
	author = "Smith, Michael H.",
	title = "Assessing Climate Change Risks and Opportunities for Investors: Oil and Gas Sector",
	url = "http://www.igcc.org.au/Resources/Documents/oil_gas_assessing_climate_change_risks_for_investors.pdf",
	year = "{2013}",
}

@misc{HoldTheirOwn,
	author = "Nelson, Jacqueline",
	title = "Socially responsible investment funds hold their own",
	url = "http://www.theglobeandmail.com/globe-investor/investment-ideas/number-cruncher/socially-responsible-investment-funds-hold-their-own/article9845687/",
	year = "{2013}",
}

@misc{IEA2012press,
	author = "{International Energy Agency}",
	title = "World Energy Outlook 2012: Presentation to the press",
	url = "http://www.worldenergyoutlook.org/pressmedia/recentpresentations/PresentationWEO2012launch.pdf",
	year = "{2012}",
}

@misc{StanfordSenate,
	author = "Svoboda, Lucy",
	title = "Senate passes fossil fuel divestment bill",
	url = "http://www.stanforddaily.com/2013/05/28/senate-passes-fossil-fuel-divestment-bill/",
	year = "{2013}",
}

@misc{ExistingLaw,
	author = "Meltz, Robert",
	title = "Climate Change and Existing Law: A Survey of Legal Issues Past, Present, and Future",
	url = "https://www.fas.org/sgp/crs/misc/R42613.pdf",
	year = "{2013}",
}

@misc{JuryDecides,
	author = "McCarthy, Michael",
	title = "Jury Decides That Threat of Global Warming Justifies Breaking The Law",
	url = "https://www.commondreams.org/headline/2008/09/11-6",
	year = "{2013}",
}

% Sources added by Milan 2013-06-12

@misc{Tillerson,
	author = "Tillerson, Rex W.",
	title = "The New North American Energy Paradigm: Reshaping the Future",
	url = "http://www.cfr.org/united-states/new-north-american-energy-paradigm-reshaping-future/p28630",
	year = "{2013}",
}

@misc{TrusteesGuide,
	author = "{Carbon Trust}",
	title = "A Climate for Change: A Trusteeâ€™s Guide to Understanding and Addressing Climate Risk",
	url = "http://www.iigcc.org/__data/assets/pdf_file/0010/262/A_climate_for_change.pdf",
	year = "{2009}"
}

@book{Hansen2010,
	author = "Hansen, James",
	title = "Storms of My Grandchildren",
	publisher = "Bloomsbury USA",
	year = "{2010}",
}

@misc{IPCCThermohaline,
	author = "{Intergovernmental Panel on Climate Change}",
	title = "Thermohaline circulation changes in the North Atlantic: possible impacts for Europe",
	url = "https://www.ipcc.ch/publications_and_data/ar4/wg2/en/ch12s12-6-2.html",
	year = "{2007}",
}

@article{PTRecovery,
	author = "Sahney, Sarda and Benton, Michael J.",
	title = "Recovery from the most profound mass extinction of all time",
	journal = "Proceedings of the Royal Society",
	volume = {275},
	number = {1636},
	year = "{2008}",
	url = "http://rspb.royalsocietypublishing.org/content/275/1636/759.abstract",
}

@article{VenusRunaway,
	author = "Rasool, S. I. and De Bergh, C.",
	title = "The Runway Greenhouse and the Accumulation of \ce{CO2} in the Venus Atmosphere",
	journal = "Nature",
	volume = {226},
	year = "{1970}",
	url = "http://pubs.giss.nasa.gov/docs/1970/1970_Rasool_DeBergh.pdf",
}

@misc{HansenVenusThreat,
	author = "Hansen, James",
	title = "Climate Threat to the Planet: Implications for Energy Policy and Intergenerational Justice",
	url = "http://www.columbia.edu/~jeh1/2008/AGUBjerknes_20081217.pdf",
	year = "{2008}",
}

@article{EndPermian,
	author = "Benton, Michael J. and Twitchett, Richard J.",
	title = "How to kill (almost) all life: 	the end-Permian extinction event",
	journal = "TRENDS in Ecology and Evolution",
	volume = {18},
	number = {7},
	year = "{2003}",
	url = "http://palaeo.gly.bris.ac.uk/Benton/reprints/2003TREEPTr.pdf",	
}

% Sources added by Milan 2013-06-17

@article{SafeOperatingSpace,
	author = "Rockstrom, Johan and Steffen, Will and Noone, Kevin and Persson, Asa and Chapin, F. Stuart and Lambin, Eric F. and Lenton, Timothy M. and Scheffer, Marten and Folke, Carl and Schellnhuber, Hans Joachim and Nykvist, Bjorn and de Wit, Cynthia A. and Hughes, Terry and van der Leeuw, Sander and Rodhe, Henning and Sorlin, Sverker and Snyder, Peter K. and Costanza, Robert and Svedin, Uno and Falkenmark, Malin and Karlberg, Louise and Corell, Robert W. and Fabry, Victoria J. and Hansen, James and Walker, Brian and Liverman, Diana and Richardson, Katherine and Crutzen, Paul and Foley, Jonathan A. ",
	title = "A safe operating space for humanity",
	journal = "Nature",
	volume = {461},
	year = "{2009}",
	url = "http://www.nature.com/nature/journal/v461/n7263/full/461472a.html",
}

@misc{BlownAway,
	author = "{The Economist}",
	title = "Blown away",
	url = "http://www.economist.com/news/united-states/21579046-wind-power-doing-well-it-still-relies-irregular-and-short-term-subsidies-blown",
	year = "{2013}",
}

@misc{20PercentBy2030,
	author = "{U.S. Department of Energy}",
	title = "20\% Wind Energy by 2030: Increasing Wind Energy's Contribution to U.S. Electricity Supply",
	url = "http://www.nrel.gov/docs/fy08osti/41869.pdf",
	year = "{2008}",
}

@misc{RedrawingClimateEnergy,
	author = "{International Energy Agency}",
	title = "Redrawing the Energy-Climate Map",
	url = "http://www.slideshare.net/internationalenergyagency/redrawing-theeenrgyclimatemappresentation",
	year = "{2013}",
}

@article{VulnerableSpecies,
	author = "Foden, Wendy B. and Butchart, Stuart H. M. and Stuart, Simon N. and Vie, Jean-Christophe and Akcakaya, H. Resit and Angulo, Ariadne and DeVantier, Lyndon M. and Gutsche, Alexander and Turak, Emre and Cao, Long and Donner, Simon D. and Katariya, Vineet and Bernard, Rodolphe and Holland, Robert A. and Hughes, Adrian F. and O'Hanlon, Susannah E. and Garnett, Stephen T. and Sekercioglu, Cagan H. and Mace, Georgina M.",
	title = "Identifying the World's Most Climate Change Vulnerable Species: A Systematic Trait-Based Assessment of all Birds, Amphibians and Corals",
	journal = "PLOS One",
	volume = {8},
	issue = {6},
	year = "{2013}",
	url = "http://www.plosone.org/article/info%3Adoi%2F10.1371%2Fjournal.pone.0065427",
}

@misc{FEMAFlood,
	author = "AECOM",
	title = "The Impact of Climate Change and Population Growth	on the National Flood Insurance Program through 2100",
	url = "http://www.aecom.com/deployedfiles/Internet/News/Sustainability/FEMA%20Climate%20Change%20Report/Climate_Change_Report_AECOM_2013-06-11.pdf",
	year = "{2013}",
}

@misc{MJFlood,
	author = "Sheppard, Kate and West, James",
	title = "FEMA Report: Climate Change Could Increase Areas at Risk of Flood by 45 Percent",
	url = "http://www.motherjones.com/environment/2013/06/climate-change-could-double-number-americans-federal-flood-insurance",
	year = "{2013}",
}

@misc{ResPortFFPensions,
	author = "{HIP Investor}",
	title = "Resilient Portfolios \& Fossil-Free Pensions",
	url = "http://gofossilfree.org/files/2013/05/Resilient-Portfolios-and-Fossil-Free-Pensions.pdf",
	year = "{2013}",
}

@misc{ArcticUnsafe,
	author = "Beinecke, Frances",
	title = "Six Reasons Arctic Offshore Drilling Cannot Be Done Safely",
	url = "http://theenergycollective.com/francesbeinecke/236171/six-reasons-why-offshore-drilling-arctic-cannot-be-done-safely",
	year = "{2013}",
}

@article{FaustianGrowth,
	author = "Hansen, James and Kharecha, Pushker and Sato, Makiko",
	title = "Climate forcing growth rates: doubling down on our Faustian bargain",
	journal = "Environmental Research Letters",
	volume = {8},
	number = {1},
	year = "{2013}",
	url = "http://iopscience.iop.org/1748-9326/8/1/011006",
}

@misc{SleepingGiant,
	author = "{U.S. National Aeronautics and Space Administration}",
	title = "Is a Sleeping Climate Giant Stirring in the Arctic?",
	url = "http://www.nasa.gov/topics/earth/features/earth20130610.html",
	year = "{2013}",
}

@misc{ResilientNewYork,
	author = "{The City of New York}",
	title = "A Stronger, More Resilient New York",
	url = "http://nytelecom.vo.llnwd.net/o15/agencies/sirr/SIRR_singles_Lo_res.pdf",
	year = "{2013}",
}

@misc{CriticalDecade2013,
	author = "{Government of Australia Climate Commission}",
	title = "The Critical Decade 2013",
	url = "http://climatecommission.gov.au/wp-content/uploads/The-Critical-Decade-2013_medres_web.pdf",
	year = "{2013}",
}

% Sources copied from Stu's mini-bibliography on 2013-06-17

@MISC{MercerRI,
	author = {Mercer},
	title = {Shedding Light on Responsible Investment: Approaches, Returns and Impacts},
	year = {2011},
	url = {http://www.mercer.com/articles/1423880},
}

@MISC{DeutscheBankSI,
	author = "{Deutsche Bank Group}",
	title = {Sustainable Investing: Establishing Long-term Value and Performance},
	month = jun,
	year = {2012},
	url = {https://www.dbadvisors.com/content/_media/Sustainable_Investing_2012.pdf},
}

% More sources added by Milan 2013-06-17

@article{CCSEarthquake,
	author = "Zoback, Mark and Gorelick, Steven",
	title = "Earthquake triggering and large-scale geologic storage of carbon dioxide",
	journal = "Proceedings of the National Academy of Sciences",
	year = "{2012}",
	url = "http://www.pnas.org/content/early/2012/06/13/1202473109.abstract",
}

@misc{AFPonCCS,
	author = "Sheridan, Kerry",
	title = "'Carbon capture' too risky, earthquake prone: US study",
	url = "http://www.google.com/hostednews/afp/article/ALeqM5hgEyHrcoMyK34_ZT-sdeeyiC4ADw?docId=CNG.6e8cb246738bfc1e0c48f4ac564e68fa.471",
	year = "{2012}",
}

@misc{BullisonCCS,
	author = "Bullis, Kevin",
	title = "What Carbon Capture Can't Do",
	url = "http://www.technologyreview.com/view/516166/what-carbon-capture-cant-do/",
	year = "{2013}",
}

@misc{TroubleInStore,
	author = "{The Economist}",
	title = "Trouble in store",
	url = "http://www.economist.com/node/13226661",
	year = "{2009}",
}

@misc{HardToScrub,
	author = "{Canadian Broadcasting Corporation}",
	title = "Secret advice to politicians: oilsands emissions hard to scrub",
	url = "http://www.cbc.ca/news/canada/story/2008/11/24/sands-trap.html",
	year = "{2008}",
}

@misc{NoSilverBullet,
	author = "McCarthy, Shawn",
	title = "Carbon capture no 'silver bullet'",
	url = "http://www.theglobeandmail.com/report-on-business/carbon-capture-no-silver-bullet/article1170007/",
	year = "{2009}",
}

@misc{IllusionCleanCoal,
	author = "{The Economist}",
	title = "The illusion of clean coal",
	url = "http://www.economist.com/node/13235041",
	year = "{2009}",
}

@misc{RealisticCostsCarbonCapture,
	author = "Al-Juaied, Mohammed and Whitmore, Adam",
	title = "Realistic Costs of Carbon Capture",
	url = "http://belfercenter.ksg.harvard.edu/publication/19185/realistic_costs_of_carbon_capture.html?breadcrumb=%2Fproject%2F43%2Fenvironment_and_natural_resources",
	year = "{2009}",
}

@misc{CoalWillBeLeft,
	author = "Priest, Marcus",
	title = "Climate Commission warns coal will be left in ground",
	url = "http://www.afr.com/p/national/climate_commission_warns_coal_will_Os3K60MAR9LJPTDd2nGTDO",
	year = "{2013}",	
}

@misc{TuftsDivest,
	author = "Henn, Jamie",
	title = "Tufts Administration Forms Working Group to Study Divestment",
	url = "http://gofossilfree.org/tufts-administration-forms-working-group-to-study-divestment/",
	year = "{2013}",
}

@misc{GreenwashBP,
	author = "Pearce, Fred",
	title = "Greenwash: BP and the myth of a world 'Beyond Petroleum'",
	url = "http://www.guardian.co.uk/environment/2008/nov/20/fossilfuels-energy",
	year = "{2008}",
}

@misc{BPNoLongerBeyond,
	author = "Winkley, Ben",
	title = "Energy Journal: BP No Longer Beyond Petroleum",
	url = "http://blogs.wsj.com/marketbeat/2013/04/03/energy-journal-bp-no-longer-beyond-petroleum/",
	year = "{2013}",
}

@misc{BlackStuffBP,
	author = "{The Economist}",
	title = "In the black stuff",
	url = "http://www.economist.com/node/16056805/",
	year = "{2010}",
}

@misc{NotBeyondInRussia,
	author = "{The Economist}",
	title = "Not beyond petroleum",
	url = "http://www.economist.com/node/1578190",
	year = "{2003}",
}

@book{MerchantsDoubt,
	author = "Oreskes, Naomi and Conway, Erik",
	title = "Merchants Of Doubt",
	publisher = "Bloomsbury US",
	year = "{2011}"
}

@book{ClimateCoverUp,
	author = "Hoggan, James and Littlemore, Richard",
	title = "Climate Cover-Up: The Crusade to Deny Global Warming",
	publisher = "Greystone Books",
	year = "{2009}",
}

@article{Oreskes2004,
	author = "Oreskes, Naomi",
	title = "Beyond the Ivory Tower: The Scientific Consensus on Climate Change",
	journal = "Science",
	volume = {306},
	number = {5702},
	year = "{2004}",
	url = "https://www.sciencemag.org/content/306/5702/1686.short",
}

@article{QuantConsensus,
	author = "Cook, John and Nuccitelli, Dana and Green, Sarah A and Richardson, Mark and Winkler, Barbel and Painting, Rob and Way, Robert and Jacobs, Peter and Skuce, Andrew",
	title = "Quantifying the consensus on anthropogenic global warming in the scientific literature",
	journal = "Environmental Research Letters",
	volume = {8},
	number = {2},
	year = "{2013}",
	url = "http://iopscience.iop.org/1748-9326/8/2/024024/",
}

@misc{ExxonCDP2011,
	author = "ExxonMobil",
	title = "Carbon Disclosure Project: CDP 2011 Investor CDP 2011 Information Request",
	url = "http://www.exxonmobil.com/Corporate/Files/cdp_investor_2011.pdf",
	year = "{2011}",
}

@misc{ConocoPhillipsCC,
	author = "ConocoPhillips",
	title = "Climate Change Position",
	url = "http://www.conocophillips.com/sustainable-development/our-approach/living-by-our-principles/positions/Pages/climate-change.aspx",
	urlyear = "{2013}",
}

@misc{ShellClimateChange,
	author = "Shell",
	title = "Climate change",
	url = "http://www.shell.com/global/environment-society/environment/climate-change.html",
	urlyear = "{2013}",
}

@misc{ChevronClimateChange,
	author = "Chevron"
	title = "Climate Change",
	url = "http://www.chevron.com/globalissues/climatechange/",
	urlyear = "{2013}",
}

@misc{FFcorpsPlanning,
	author = "Cheeseman, Gina-Marie",
	title = "Oil Companies are Actually Planning for Climate Change",
	url = "http://www.triplepundit.com/2012/01/oil-companies-actually-planning-climate-change/",
	year = "{2012}",
}

@misc{OilCosFearFI,
	author = "Koronowski, Ryan",
	title = "Oil companies that caused climate change now fear its financial impacts",
	url = "http://climaterealityproject.org/2012/06/12/oil-companies-that-caused-climate-change/",
	year = "{2012}",
}

@misc{BPClimateChange,
	author = "BP",
	title = "Climate change: Addressing the global challenge of climate change will require the efforts of governments, industry and individuals",
	url = "http://www.bp.com/en/global/corporate/sustainability/the-energy-future/climate-change.html",
	urlyear = "{2013}",
}

@misc{DemiseOfCrudeDenial,
	author = "Skuce, Andy",
	title = "Big Oil and the Demise of Crude Climate Change Denial",
	url = "http://www.skepticalscience.com/bigoil.html",
	year = "{2012}",
}

@misc{DoTheOpposite,
	author = "Sheppard, Kate",
	title = "Energy Companies Say One Thing, Do the Opposite on Climate Change",
	url = "http://www.motherjones.com/blue-marble/2012/05/corporate-hypocrisy-climate-change",
	year = "{2012}",
}

@misc{UTEnvResDB,
	author = "{University of Toronto School of the Environment}",
	title = "Environmental Research Database",
	url = "http://app1.environment.utoronto.ca/EnvironmentalResearchDatabase/",
	urlyear = {2013},
}

@misc{ShiftToClimatePreparedness,
	author = "Gunther, Marc",
	title = "The Coming Shift to `Climate Preparedness'",
	url = "http://www.greenbiz.com/blog/2012/01/23/coming-shift-climate-preparedness",
	year = "{2012}",
}

/* Stu June 18th */

@misc{BigChoice,
	author = "Fullerton, John",
	title = "The big choice: money or planet?",
	url = "http://www.guardian.co.uk/sustainable-business/blog/carbon-reduction-commitment-finance",
	year = "{2011}",
}

% Sources added by Milan on June 18th, 2013

@misc{McGillStudentExecs,
	author = "{Divest McGill}",
	title = "Letters from All Major Student Execs (2012-13, 2013-14) Call for Divestment Today",
	url = "http://divestmcgill.com/264/",
	year = "{2013}",
}

@misc{McGillDelivers,
	author = "Fenton, Cam",
	title = "Divest McGill Delivers Social Injury Briefs",
	url = "http://gofossilfree.ca/divest-mcgill-delivers-social-injury-briefs/",
	year = "{2013}",
}

@misc{HarvardMeeting,
	author = "{Divest Harvard}",
	title = "Divest Harvard Meeting With Administration 2/1/13",
	url = "http://divestharvard.com/divest-harvard-meeting-with-administration-2113/",
	year = "{2013}",
}

@misc{HarvardTrustees,
	author = "Borowsky, Hannah and Maxmin, Chloe and Franta, Ben",
	title = "Harvard Students Meet With Trustees To Discuss Divestment",
	url = "http://divestharvard.com/harvard-students-meet-with-trustees-to-discuss-divestment/",
	year = "{2013}",
}

@misc{HarvardPetition,
	author = "{Divest Harvard}",
	title = "150 People Gather For Divest Harvard Petition Delivery",
	url = "http://divestharvard.com/15-people-gather-for-divest-harvard-petition-delivery/",
	year = "{2013}",
}

@misc{UNBPetition,
	author = "{Fossil Free UNB}",
	title = "Petition signature count: 306!",
	url = "http://fossilfreeunb.tumblr.com/post/46956124327/petition-signature-count-306",
	year = "{2013}",	
}

@misc{UNBStudentUnion,
	author = "{Fossil Free UNB}",
	title = "Today, our Fossil Free UNB team is presenting our project and a resolution of support to the UNB Student Union. ",
	url = "http://fossilfreeunb.tumblr.com/post/47385670362/today-our-fossil-free-unb-team-is-presenting-our",
	year = "{2013}",
}

@misc{UBCDivest,
	author = "Katic, Gordon",
	title = "Why weâ€™re asking UBC to divest from oil and gas",
	url = "http://ubyssey.ca/opinion/katic-why-were-asking-ubc-to-divest-from-oil-and-gas/",
	year = "{2013}",
}

@misc{9thcircuitHighway,
	author = "Fletcher, B.",
	title = "Center for Biological Diversity vs. National Highway Traffic Safety Administration",
	url = "http://www.climatelaw.org/cases/country/us/case-documents/us/CBDvNHTSA",
	year = "{2007}",
}

@misc{NEPACases,
	author = "{Center for Climate and Energy Solutions}",
	title = "National Environmental Policy Act Cases",
	url = "http://www.c2es.org/federal/courts/national-environmental-policy-act-cases",
	urlyear = "{2013}",
}

@misc{MassVEPA,
	author = "{United States Supreme Court}",
	title = "Massachusetts et al. v. Environmental Protection Agency et al.",
	url = "http://www.supremecourt.gov/opinions/06pdf/05-1120.pdf",
	year = "2007",
}

@misc{EPAhaspower,
	author = "Greenhouse, Linda",
	title = "Justices Say E.P.A. Has Power to Act on Harmful Gases",
	url = "http://www.nytimes.com/2007/04/03/washington/03scotus.html",
	year = "{2007}",
}

@misc{GreenFigleaf,
	author = "{The Economist}",
	title = "A green figleaf",
	url = "http://www.economist.com/node/13528073/",
	year = "{2009}",
}

@misc{CourtRejectsTruckStandards,
	author = "Barringer, Felicity and Maynard, Micheline",
	title = "Court Rejects Fuel Standards on Trucks",
	url = "http://www.nytimes.com/2007/11/16/business/16fuel.html",
	year = "{2013}",
}

@misc{OffshoreLiability,
	author = "McCarthy, Shawn",
	title = "Canada raises liability for offshore oil spills to \$1-billion",
	url = "http://m.theglobeandmail.com/report-on-business/canada-raises-liability-for-offshore-oil-spills-to-1-billion/article12647765/",
	year = "{2013}",
}

@misc{EcuadorConstitution,
	author = "{Republic of Ecuador}",
	title = "Constitution of the Republic of Ecuador",
	url = "http://pdba.georgetown.edu/Constitutions/Ecuador/english08.html",
	year = "{2008}",
}

@misc{BoliviaConstitution,
	author = "{Plurinational State of Bolivia}",
	title = "Constitucion Politica del Estado",
	url = "http://www.presidencia.gob.bo/documentos/publicaciones/constitucion.pdf",
	year = "{2013}",
}

@misc{BoliviaGives,
	author = "Eaton, Janet",
	title = "Bolivia Gives Legal Rights To Mother Earth",
	url = "http://www.sierraclub.ca/en/main-page/bolivia-gives-legal-rights-mother-earth",
	year = "{2012}",
}

/* By Stu */
@misc{MayorsInnovationDivestGuide,
	author = "{Mayor's Innovation Project}",
	title = "Divestment from Fossil Fuels: A guide for city officials and activists",
	url = "http://mayorsinnovation.org/pdf/Divestment_Guide_Final.pdf",
	year = "{2013}",
}

@misc{RioTintoChartbook,
	author = "{Rio Tinto Annual Report 2008}",
	title = "Rio Tinto Chartbook",
	url = "http://www.riotinto.com/documents/rio_tinto_2008_annual_report.pdf",
	year = "{2009}",
}

% Sources added by Milan 2013-06-24

@misc{OilGiantsMajorPain,
	author = "Watson, Thomson",
	title = "Oil giants could feel major pain should world get serious about reducing global temperatures",
	url = "http://business.financialpost.com/2013/06/21/oil-climate-change-producers/",
	year = "{2013}",
}

@misc{TimelyIssue,
	author = "Lubber, Mindy",
	title = "Fossil Fuel Divestment Is A Timely Issue For Investors",
	url = "http://www.forbes.com/sites/mindylubber/2012/12/17/fossil-fuel-divestment-is-timely-issue-for-investors/",
	year = "{2012}",
}

@misc{EconomicCase,
	author = "Jabusch, Garvin",
	title = "The Economic Case for Divesting from Fossil Fuels",
	url = "http://www.renewableenergyworld.com/rea/news/article/2013/05/the-economic-case-for-divesting-from-fossil-fuels",
	year = "{2013}",
}

@misc{SixTrillionBubble,
	author = "Bakewell, Sally",
	title = "Carbon-Intensive Investors Risk \$6 Trillion `Bubble,' Study Says",
	url = "http://www.bloomberg.com/news/2013-04-18/carbon-intensive-investors-risk-6-trillion-bubble-study-says.html",
	year = "{2013}",
}

@misc{NewSocialCostEffort,
	author = "Wald, Matthew L.",
	title = "New Effort to Quantify `Social Cost' of Pollution",
	url = "http://www.nytimes.com/2013/06/19/us/politics/new-effort-to-quantify-social-cost-of-pollution.html",
	year = "{2013}",
}

@misc{ReadyingLimits,
	author = "Broder, John M.",
	title = "Obama Readying Emissions Limits on Power Plants",
	url = "http://www.nytimes.com/2013/06/20/science/earth/obama-preparing-big-effort-to-curb-climate-change.html",
	year = "{2013}",
}

@misc{ChinaTaxingCarbon,
	author = "Bajaj, Vikas",
	title = "Taxing Carbon",
	url = "http://takingnote.blogs.nytimes.com/2013/02/20/taxing-carbon/",
	year = "{2013}",
}

@misc{IrrevocablyTar,
	author = "Biello, David",
	title = "Oil Sands May Irrevocably Tar the Climate",
	url = "http://www.scientificamerican.com/article.cfm?id=oil-sands-may-irrevocably-tar-the-climate",
	year = "{2013}",
}

@misc{BPNoMore,
	author = "David, Javier E.",
	title = "`Beyond Petroleum' No More? BP Goes Back to Basics",
	url = "http://www.cnbc.com/id/100647034",
	year = "{2013}",
}

@misc{OilSandsEconBenef,
	author = "{Government of Alberta}",
	title = "Economic Benefits",
	url = "http://www.oilsands.alberta.ca/economicinvestment.html",
	urlyear = "{2013}",
}

@misc{SteyerBrownLetter,
	author = "Steyer, Tom",
	title = "Letter from Tom Steyer to the Brown Corporation",
	url = "http://browndivestcoal.org/letter-from-tom-steyer/",
	year = "{2013}",
}

@misc{SteyerMiddleburyLetter,
	author = "Steyer, Tom",
	title = "To the Middlebury College Board of Trustees",
	url = "http://middleburycampus.com/wp-content/uploads/2013/01/SteyerLetter.pdf",
	year = "{2013}",
}

@misc{AnatomySilentCrisis,
	author = "{Global Humanitarian Forum}",
	title = "The Anatomy of A Silent Crisis",
	url = "http://www.ghf-ge.org/human-impact-report.pdf",
	year = "{2009}"
}

@book{EthicalInvestor,
	author = "Simon, John G. and Powers, Charles W. and Gunnemann, Jon P.",
	title = "The Ethical Investor: Universities and Corporate Responsibility",
	publisher = "Yale University Press",
	year = "{1972}",
	url = "http://acir.yale.edu/pdf/EthicalInvestor.pdf",
}

@misc{RisksInCoal,
	author = "Lowe, Leslie and Sanzillo, Tom",
	title = "Financial Risks of Investments in Coal",
	url = "http://www.asyousow.org/publications/2011/Coal_White_Paper_2011_AsYouSow.pdf",
	year = "{2011}",
}

@article{ExpertCredibility,
	author = "Anderegg, William R. L. and Prall, James W. and Harold, Jacob and Schneider, Stephen H.",
	title = "Expert credibility in climate change",
	journal = "Proceedings of the National Academy of Sciences",
	month = jun,
	year = "{2010}",
	url = "http://www.pnas.org/content/early/2010/06/04/1003187107.abstract",
}

@article{ChallengeTwoDegrees,
	author = "Peters, Glen P. and Andrew, Robbie M. and Boden, Tom and Canadell, Josep G. and Ciais, Philippe and Le Quere, Corinne and Marland, Gregg and Raupach, Michael R. and Wilson, Charlie",
	title = "The challenge to keep global warming below 2ËšC",
	journal = "Nature Climate Change",
	volume = {3},
	number = {1},
	year = "{2013}",
	url = "http://www.nature.com/nclimate/journal/v3/n1/full/nclimate1783.html",
}

@article{EmissionTargetsTwoDegrees,
	author = "Meinshausen, Malte and Meinshausen, Nicolai and Hare, William and Raper, Sarah C. B. and Frieler, Katja and Knutti, Reto and Frame, David J. and Allen, Myles R.",
	title = "Greenhouse-gas emission targets for limiting global warming to 2ËšC",
	journal = "Nature",
	volume = {458},
	year = "{2009}",
	url = "http://www.nature.com/nature/journal/v458/n7242/pdf/nature08017.pdf",
}

@misc{WorldBankDevCC,
	author = "{The World Bank}",
	title = "World Bank Development Report 2010: Development and Climate Change",
	url = "http://siteresources.worldbank.org/INTWDR2010/Resources/5287678-1226014527953/WDR10-Full-Text.pdf",
	year = "{2010}",
}

@misc{EmGapReport,
	author = "{United Nations Environment Programme}",
	title = "The Emissions Gap Report: Are the Copenhagen Accord Pledges Sufficient to Limit Global Warming to 2ËšC or 1.5ËšC? A Preliminary Assessment",
	url = "http://www.unep.org/publications/ebooks/emissionsgapreport/pdfs/EMISSION_GAP_REPORT_LOWRES.pdf",
	year = "{2010}"
}

@article{LancetCCHealth,
	author = "McMicheal, Anthony J. and Woodruff, Rosalie E. and Hales, Simon",
	title = "Climate change and human health: present and future risks",
	journal = "The Lancet",
	volume = {367},
	issue = {9513},
	url = "http://www.thelancet.com/journals/lancet/article/PIIS0140-6736(06)68079-3/abstract",
}

@misc{EPAAgFoodImpacts,
	author = "{United States Environmental Protection Agency}",
	title = "Agriculture and Food Supply Impacts \& Adaptation",
	url = "http://www.epa.gov/climatechange/impacts-adaptation/agriculture.html",
	urlyear = "{2013}",
}

@misc{IFPRIAgri,
	author ="Nelson, Gerald C. and Rosegrant, Mark W. and Koo, Jawoo and Robertson, Richard and Sulser, Timothy and Zhu, Tingju and Ringler, Claudia and Msangi, Siwa and Palazzo, Amanda and Batka, Miroslav and Magalhaes, Marilia and Valmonte-Santos, Rowena and Ewing, Mandy and Lee, David",
	title = "Food Policy Report: Climate Change Impact on Agriculture and Costs of Adaptation",
	url = "http://www.ifpri.org/sites/default/files/publications/pr21.pdf",
	year = "{2009}",
}

@misc{AcidThreatFish,
	author = "Morello, Lauren",
	title = "Ocean Acidification Threatens Global Fisheries",
	url = "http://www.scientificamerican.com/article.cfm?id=ocean-acidification-threatens-global-fisheries",
	year = "{2010}",
}

@misc{UNEPOceanAcid,
	author = "{United Nations Environment Programme}",
	title = "Environmental Consequences of Ocean Acidification: A Threat to Food Security",
	url = "http://www.unep.org/dewa/Portals/67/pdf/Ocean_Acidification.pdf",
	year = "{2010}",
}

@article{CoralRapidCC,
	author = "Hoegh-Guldberg, O. and Mumby, P. J. and Hooten, A. J. and Steneck, R. S. and Greenfield, P. and Gomez, E. and Harvell, C. D. and Sale, P. F. and Edwards, A. J. and Caldeira, K. and Knowlton, N. and Eakin, C. M. and Iglesias-Prieto, R. and Muthiga, N. and Bradbury, R. H. and Dubi, A. and Hatziolos, M. E.",
	title = "Coral Reefs Under Rapid Climate Change and Ocean Acidification",
	journal = "Science",
	volume = {318},
	number = {5857},
	url = "https://www.sciencemag.org/content/318/5857/1737.abstract",
}

@misc{UTRICTOR,
	author = "{University of Toronto Responsible Investing Committee}",
	title = "Terms of Reference",
	url = "http://uoftric.files.wordpress.com/2011/02/terms-of-reference-revised-june-2010.pdf",
	year = "{2010}",
}

@misc{CharterRF,
	author = "{Government of Canada}",
	title = "Canadian Charter of Rights and Freedoms",
	url = "http://laws-lois.justice.gc.ca/eng/const/page-15.html",
	year = "{1982}",
}

@book{RightToBeCold,
	author = "Watt-Cloutier, Sheila",
	title = "The Right to Be Cold: One Woman's Story of Protecting Her Culture, the Arctic, and the Whole Planet",
	publisher = "Allen Lane",
	year = "{2013}",
}

@misc{OntBillRights,
	author = "{Government of Ontario}",
	title = "Environmental Bill of Rights",
	year = "{1993}",
	url = "www.e-laws.gov.on.ca/Download/elaws_statutes_93e28_e.doc",
}

@misc{NuisancesInsider,
	author = "{Environmental Compliance Insider}",
	title = "The Law of `Nuisances': Environmental Regulation through the Backdoor",
	url = "http://environmentalcomplianceinsider.com/topstories/the-law-of-%E2%80%98nuisances%E2%80%99-environmental-regulation-through-the-backdoor",
	urlyear = "{2013}",
}

@misc{YukonEnvAct,
	author = "{Government of Yukon}",
	title = "Environment Act",
	url = "http://www.gov.yk.ca/legislation/acts/environment.pdf",
	year = "{2012}",
}

@misc{NWTEnvRightsAct,
	author = "{Government of the Northwest Territories}",
	title = "Environmental Rights Act",
	url = "http://www.canlii.org/en/nu/laws/stat/rsnwt-nu-1988-c-83-supp/latest/rsnwt-nu-1988-c-83-supp.html",
	year = "{2010}",
}

@misc{QuebecEQA,
	author = "{Government of Quebec}",
	title = "Environmental Quality Act",
	url = "http://www2.publicationsduquebec.gouv.qc.ca/dynamicSearch/telecharge.php?type=2&file=/Q_2/Q2_A.html",
	year = "{2013}",
}

@misc{CCSecurityBriefing,
	author = "De Souza, Mike",
	title = "Canadian spy agency, top security officials invited to `secret' meeting on climate dangers in 2012",
	url = "http://o.canada.com/2013/06/24/canadian-spy-agency-top-security-officials-attended-secret-meeting-on-climate-dangers-in-2012/",
	year = "{2013}",
}

@misc{DurbanFossil,
	author = "{Climate Action Network Canada}",
	title = "Canada Wins Fossil of the Year Award in Durban",
	url = "http://climateactionnetwork.ca/?p=26720",
	year = "{2012}",
}

@misc{CBCFossil,
	author = "{CBC News}",
	title = "Canada tagged as `Fossil of the Year'",
	url = "http://www.cbc.ca/news/world/story/2009/12/18/climate-canada-award.html",
	year = "{2009}",
}

@misc{SimpsonBlustering,
	author = "Simpson, Jeffrey",
	title = "Climate-change reputation in tatters? Try blustering",
	url = "http://www.theglobeandmail.com/commentary/climate-change-reputation-in-tatters-try-blustering/article4082621/",
	year = "{2010}",
}

@misc{CopenhagenDoghouse,
	author = "Reguly, Eric and Vanderklippe, Nathan",
	title = "`Dirty' image puts Canada in climate doghouse at Copenhagen",
	year = "{2009}",
	url = "http://www.theglobeandmail.com/news/world/dirty-image-puts-canada-in-climate-doghouse-at-copenhagen/article1205573/",
}

@misc{UNFCCCCanada2010,
	author = "{United Nations Framework Convention on Climate Change}",
	title = "Report of the individual review of the annual submission of Canada submitted in 2010",
	year = "{2010}",
	url = "http://unfccc.int/resource/docs/2011/arr/can.pdf",
}

@misc{UNFCCC,
	author = "{Parties to the United Nations Framework Convention on Climate Change}",
	title = "United Nations Framework Convention on Climate Change",
	year = "{1992}",
	url = "http://unfccc.int/resource/docs/convkp/conveng.pdf",
}

@book{EradicatingEcocide,
	author = "Higgins, Polly",
	title = "Eradicating Ecocide: Laws and Governance to Stop the Destruction of the Planet",
	publisher = "Shepheard-Walwyn",
	year = "{2010}",
}

@misc{EcocideProject,
	author = "Gauger, Anja and Rabatel-Fernel, Mai Pouye and Kulbicki, Louise and Short, Damien and Higgins, Polly",
	title = "Ecocide is the missing 5th Crime Against Peace",
	url = "http://eradicatingecocide.com/wp-content/uploads/2012/06/Ecocide-is-the-missing-5th-Crime-Against-Peace.pdf",
	year = "{2012}",
}

@misc{VietnamPenalCode,
	author = "{Government of Vietnam}",
	title = "Penal Code",
	year = "{1999}",
	url = "http://moj.gov.vn/vbpq/en/Lists/Vn%20bn%20php%20lut/View_Detail.aspx?ItemID=610",
}

@misc{ArmeniaCriminalCode,
	author = "{Government of Armenia}",
	title = "Criminal Code of the Republic of Armenia",
	url = "http://www.parliament.am/legislation.php?sel=show&ID=1349&lang=eng",
	year = "{2003}",
}

@misc{ICRConBelarusCC,
	author = "{International Committee of the Red Cross}",
	title = "Belarus: Practice Relating to Rule 45. Causing Serious Damage to the Natural Environment",
	url = "http://www.icrc.org/customary-ihl/eng/docs/v2_cou_by_rule45",
	urlyear = "{2013}",
}

@misc{MoldovaCriminal,
	author = "{Government of Moldova}",
	title = "Criminal Code of the Republic of Moldova",
	url = "http://legislationline.org/download/action/download/id/1689/file/ebc7646816aadc2a3a1872057551.htm",
	year = "{2003}",
}

@misc{UkraineCriminal,
	author = "{Government of Ukraine}",
	title = "Criminal Code of Ukraine",
	url = "http://www.legislationline.org/documents/action/popup/id/16257/preview",
	year = "{2001}",
}

@misc{GeorgiaCriminal,
	author = "{Government of Georgia}",
	title = "The Criminal Code of Georgia",
	url = "http://www.refworld.org/docid/404c5dc11.html",
	year = "{1999}",
}

@article{CanadaWildfire,
	author = "Flannigan, M.D. and Van Wagner, C. E.",
	title = "Climate change and wildfire in Canada",
	journal = "Canadian Journal of Forest Research",
	volume = {21},
	number = {1},
	year = "{1991}",
	url = "http://www.nrcresearchpress.com/doi/abs/10.1139/x91-010#.UcjshT773Pd",
}

@article{FriedWildfire,
	author = "Fried, Jeremy S. and Torn, Margaret S. and Mills, Evan",
	title = "The Impact of Climate Change on Wildfire Severity: A Regional Forecast for Northern California",
	journal = "Climatic Change",
	volume = {64},
	year = "{2004}",
	url = "http://link.springer.com/content/pdf/10.1023%2FB%3ACLIM.0000024667.89579.ed.pdf",
}

@article{WesterlingWildfire,
	author = "Westerling, A. L. and Bryant, B. P.",
	title = "Climate change and wildfire in California",
	journal = "Climatic Change",
	volume = {87},
	year = "{2008}",
	url = "http://link.springer.com/article/10.1007/s10584-007-9363-z#page-1",
}

@article{Westerling2006,
	author = "Westerling, A. L. and Hidalgo, H. G. and Cayan, D. R. and Swetnam, T.W.",
	title = "Warming and Earlier Spring Increase Western U.S. Forest Wildfire Activity",
	journal = "Science",
	volume = {313},
	number = {5789},
	year = "{2006}",
	url = "https://www.sciencemag.org/content/313/5789/940.short",
}

@misc{UCSWildfire,
	author = "{Union of Concerned Scientists}",
	title = "Is Global Warming Fueling Increased Wildfire Risks?",
	url = "http://www.ucsusa.org/global_warming/science_and_impacts/impacts/global-warming-and-wildfire.html",
	urlyear = "{2013}",
}

@misc{CaliSBX12,
	author = "Nahai, David",
	title = "California's SB X 1-2 Law Walks Renewable Energy Tightrope",
	url = "http://www.renewableenergyworld.com/rea/news/article/2011/06/californias-sb-x-1-2-walks-renewable-energy-tightrope",
	year = "{2011}",
}

@misc{CaliforniaRenewableOverview,
	author = "{California Energy Commission}",
	title = "California Renewable Energy Overview and Programs",
	url = "http://www.energy.ca.gov/renewables/",
	urlyear = "{2013}",
}

@misc{WCIPartners,
	author = "{Western Climate Initiative}",
	title = "WCI Provincial and State Partner Contacts",
	url = "http://www.westernclimateinitiative.org/wci-partners",
	urlyear = "{2013}",
}

@misc{WCIProgram,
	author = "{Western Climate Initiative}",
	title = "Program Design",
	url = "http://www.westernclimateinitiative.org/designing-the-program",
	urlyear = "{2013}",
}

@misc{RGGIWelcome,
	author = "{Regional Greenhouse Gas Initiative}",
	title = "Regional Greenhouse Gas Initiative",
	url = "http://www.rggi.org/",
	urlyear = "{2013}",
}

@misc{GovsClimatePlatform,
	author = "{Illinois Energy Association}",
	title = "Governors Sign Climate Platform and Greenhouse Gas Accord",
	url = "http://www.ilenergyassn.org/library/publicdocs.asp?did=229",
	year = "{2007}",
}

@misc{TranspoClimate,
	author = "{Transportation \& Climate Initiative of the Northeast and Mid-Atlantic States}",
	title = "About us",
	url = "http://www.transportationandclimate.org/content/about-us",
	urlyear = "{2013}",
}

@misc{GeorgetownOnTC,
	author = "{Georgetown Climate Center}",
	title = "Transportation \& Climate Initiative of the Northeast and Mid-Atlantic States",
	url = "http://www.georgetownclimate.org/state-action/transportation-and-climate-initiative",
	urlyear = "{2013}",
}

% Sources added by Milan 2013-06-25

@misc{CoalSharesPlunge,
	author = "Mufson, Steven",
	title = "Coal shares plunge ahead of Obamaâ€™s climate-change speech",
	url = "http://www.washingtonpost.com/business/economy/coal-shares-plunge-ahead-of-obamas-climate-change-speech/2013/06/24/69f03e2a-dcf9-11e2-bd83-e99e43c336ed_story.html",
	year = "{2013}",
}

@misc{ObamaJune2013,
	author = "{Executive Office of the President}",
	title = "The President's Climate Action Plan",
	url = "http://www.toronto350.org/files/ObamaJune2013.pdf",
	year = "{2013}"
}

@misc{CBCUSSocialCost,
	author = "Stastna, Kazi",
	title = "U.S. ups `social cost' of carbon emissions",
	url = "http://www.cbc.ca/news/business/story/2013/06/12/business-carbon-cost.html",
	year = "{2013},"
}

@misc{CCPlanPoundsCoal,
	author = "Mitchell, Ben",
	title = "Obama climate change plan pounds coal stocks",
	url = "http://www.usatoday.com/story/money/markets/2013/06/25/obama-emissions-energy-stocks/2455167/",
	year = "{2013}",
}

% Sources added by Milan 2013-06-28

@misc{SinkingFeeling,
	author = "Byers, Michael and Webb, Stewart",
	title = "That Sinking Feeling: Canada's Submarine Program Springs a Leak",
	url = "http://www.policyalternatives.ca/sites/default/files/uploads/publications/National%20Office/2013/06/ThatSinkingFeeling.pdf",
	year = "{2013}",
}

% Sources added by Milan 2013-07-02

@misc{SafeSexNigeria,
	author = "{The Economist}",
	title = "Safe sex in Nigeria",
	url = "http://www.economist.com/news/business/21579469-court-documents-shed-light-manoeuvrings-shell-and-eni-win-huge-nigerian-oil-block",
	year = "{2013}",
}

@misc{GWObscurePayments,
	author = "{Global Witness}",
	title = "Shell's obscure payments kill its case for weak US and EU transparency laws",
	url = "http://www.globalwitness.org/library/shell%E2%80%99s-obscure-payments-kill-its-case-weak-us-and-eu-transparency-laws",
	year = "{2012}",
}

@misc{GWComeClean,
	author = "{Global Witness}",
	title = "Shell and ENI must come clean over oil deals in Nigeria",
	url = "http://www.globalwitness.org/library/shell-and-eni-must-come-clean-over-oil-deals-nigeria-26",
	year = "{2012}",
}

@misc{GWShellKnew,
	author = "{Global Witness}",
	title = "Shell knew that US\$1.1 billion payment was destined for convicted money launderer",
	url = "http://www.globalwitness.org/library/eni-knew-us11-billion-payment-was-destined-convicted-money-launderer",
	year = "{2013}",
}

@misc{EIAShaleOilGas,
	author = "{U.S. Energy Information Administration}",
	title = "Technically Recoverable Shale Oil and Shale Gas Resources: An Assessment of 137 Shale Formations in 41 Countries Outside the United States",
	url = "http://www.eia.gov/analysis/studies/worldshalegas/",
	year = "{2013}",
}

@misc{EconGetWet,
	author = "{The Economist}",
	title = "You're going to get wet",
	url = "http://www.economist.com/news/united-states/21579470-americans-are-building-beachfront-homes-even-oceans-rise-youre-going-get-wet",
	year = "{2013}",
}

@misc{CorpsEngSeaLevel,
	author = "{U.S. Army Corps of Engineers}",
	title = "US Army Corps response to Sea Level Rise",
	url = "http://www.dep.state.fl.us/coastal/sites/gtm/pub/ctp/coastal_rivers/USACE_Response.pdf",
	year = "{2011}",
}

@misc{FloridaCompact,
	author = "{Southeast Florida Regional Climate Change Compact}",
	title = "What is the Southeast Florida Regional Climate Change Compact?",
	url = "http://southeastfloridaclimatecompact.org/pdf/Compact_Summary%20Document.pdf",
	year = "{2012}",
}

@misc{EconWindmills,
	author = "{The Economist}",
	title = "Tilting at windmills",
	url = "http://www.economist.com/news/special-report/21579149-germanys-energiewende-bodes-ill-countrys-european-leadership-tilting-windmills",
	year = "{2013}",
}

@misc{NYTFireNewNormal,
	author = "Barringer, Felicity and Chang, Kenneth",
	title = "Experts See New Normal as a Hotter, Drier West Faces More Huge Fires",
	url = "http://www.nytimes.com/2013/07/02/us/experts-see-a-hotter-drier-west-with-more-huge-fires.html",
	year = "{2013}",
}

@misc{UBCRespInv,
	author = "{University of British Columbia, Vice President Finance, Resources, \& Operations}",
	title = "UBC Adopts Responsible Investment Strategy",
	url = "http://www.vpfinance.ubc.ca/2013/06/26/ubc-adopts-responsible-investment-strategy/",
	year = "{2013}",
}

@article{DalbyCCSecurity,
	author = "Dalby, Simon",
	title = "Climate Change: New Dimensions of Environmental Security",
	journal = "The RUSI Journal",
	volume = {158},
	number = {3},
	year = "{2013}",
	url = "http://www.tandfonline.com/doi/full/10.1080/03071847.2013.807583",
}

@misc{ApocExternal,
	author = "Foster, Peter",
	title = "Pricing for apocalyptic externalities",
	url = "http://opinion.financialpost.com/2012/03/08/peter-foster-pricing-for-apocalyptic-externalities/",
	year = "{2012}",
}

@misc{GMUninsurable,
	author = "Bryden, Joan",
	title = "'Many, many' Canadian homes could become uninsurable",
	url = "http://www.theglobeandmail.com/news/national/many-many-canadian-homes-could-become-uninsurable/article12818084/",
	year = "{2013}",
}

@misc{RSBigOilLies,
	author = "Juhasz, Antonia",
	title = "Big Oil's Big Lies About Alternative Energy",
	url = "http://m.rollingstone.com/?redirurl=/politics/news/big-oils-big-lies-about-alternative-energy-20130625",
	year = "{2013}",
}

@misc{UTSustOffice,
	author = "{University of Toronto Sustainability Office}",
	title = "About us",
	url = "http://sustainability.utoronto.ca/about.htm",
	urlyear = "{2013}",
}

@misc{UTEAOffice,
	author = "{University of Toronto Mississauga}",
	title = "Grow Smart, Grow Green",
	url = "http://www.utm.utoronto.ca/green/",
	urlyear = "{2013}",
}

@misc{UTSustOffice,
	author = "{University of Toronto Scarborough Sustainability Office}",
	title = "About us",
	url = "http://www.utsc.utoronto.ca/~sustain/about_us.php",
	urlyear = "{2013}",
}

@misc{UTSustOfficeEnergy,
	author = "{University of Toronto Scarborough Sustainability Office}",
	title = "Energy",
	url = "http://www.utsc.utoronto.ca/~sustain/energy.html",
	urlyear = "{2013}",
}

@misc{UTSustOffice2010report,
	author = "{University of Toronto Sustainability Office}",
	title = "2010 St. George Sustainability Office Report",
	url = "http://sustainability.utoronto.ca/AssetFactory.aspx?vid=950",
	year = "{2010}",
}

@misc{UTGoingGreener2010,
	author = "{University of Toronto}",
	title = "University of Toronto going greener this year",
	url = "http://media.utoronto.ca/media-releases/environment-natural-resources/university-of-toronto-going-greener-this-year/",
	year = "{2010}",
}

@misc{UTSustOfficePlan,
	author = "{University of Toronto Scarborough Sustainability Office}",
	title = "Strategic Plan 2011",
	url = "http://sustainability.utoronto.ca/Assets/Sustainability+Digital+Assets/About+Us/SOStratplan.pdf.pdf",
	year = "{2011}",
}

@misc{StateWorldBirds,
	author = "{BirdLife International}",
	title = "State of the World's Birds: Indicators for our changing world",
	url = "http://www.birdlife.org/community/wp-content/uploads/2013/06/SOWB2013.pdf",
	year = "{2013}",
}

@misc{BirdLifeCC,
	author = "{BirdLife International}",
	title = "Human-induced climate change may pose the greatest challenge",
	url = "http://www.birdlife.org/datazone/sowb/pressure/PRESS9",
	urlyear = "{2013}",
}

@misc{PembinaOilsandsExpansion,
	author = "Grant, Jennifer and Angen, Eli and Dyer, Simon",
	title = "Forecasting the impacts of oilsands expansion: Measuring the land disturbance, air quality, water use,
	greenhouse gas emissions, and tailings production associated with each barrel of bitumen production",
	url = "http://www.pembina.org/pub/2455#.UcN2BK9DZwA",
	year = "{2013}",
}

@misc{CBCBirdLife,
	author = "Paris, Max",
	title = "1 in 8 bird species threatened with extinction",
	url = "http://www.cbc.ca/news/politics/story/2013/06/19/pol-one-in-eight-birds-threatened-with-extinction.html",
	year = "{2013}",
}

@misc{SeattleDivest,
	author = "McGinn, Mike",
	title = "An update on fossil fuel divestment",
	url = "http://mayormcginn.seattle.gov/an-update-on-fossil-fuel-divestment/",
	year = "{2012}",
}

@misc{ProvidenceDivest,
	author = "Henn, Jamie",
	title = "Providence, RI Approves Divestment from Fossil Fuels",
	url = "http://gofossilfree.org/providence-ri-approves-divestment-from-fossil-fuels/",
	year = "{2013}",
}

@misc{ChurchesFFDivestment,
	author = "Wangsness, Lisa",
	title = "More churches calling for divestment from fossil fuel",
	url = "http://www.bostonglobe.com/metro/2013/06/29/more-churches-calling-for-divestment-from-fossil-fuel/eTPVtIhiibeS54e3fa5FRI/story.html",
	year = "{2013}",
}

@misc{FaOAcid,
	author = "{Fisheries and Oceans Canada}",
	title = "Ocean Acidification: State of the Scotian Shelf Report",
	url = "http://coinatlantic.ca/docs/ocean-acidification.pdf",
	year = "{2013}",
}

% Sources from Amy Luo
% Milan checked to make sure there are no duplicate URLs or citekeys

@misc{GHGReporting,
	author = "{United States Environmental Protection Agency}",
	title = "Greenhouse Gas Reporting Program",
	url = "http://www.epa.gov/ghgreporting/basic-info/index.html",
	urldate = "{2013}",
}

@misc{FedEmissionReduction2010,
	author = "{Council on Environmental Quality}",
	title = "Federal Leadership in Environmental, Energy and Economic Performance - Executive Order 13514",
	url = "http://www.whitehouse.gov/administration/eop/ceq/sustainability",
	urldate = "{2013}",
}

% Sources added by Milan on 2013-07-06

@misc{KeelingExplanation,
	author = "{Scripps Institution of Oceanography}",
	title = "What Does This Number Mean?",
	url = "http://keelingcurve.ucsd.edu/what-does-this-number-mean/",
	year = "{2013}",
}

@misc{IPCCCO2proj,
	AUTHOR  = "{Intergovernmental Panel on Climate Change}",
	title = "Carbon Dioxide: Projected emissions and concentrations",
	url = "http://www.ipcc-data.org/observ/ddc_co2.html",
	urlyear = "{2013}",
}

@misc{GoConGHGs,
	author = "{Government of Canada}",
	title = "Greenhouse Gas Emissions",
	url = "http://www.climatechange.gc.ca/default.asp?lang=En&n=21654B36-1",
	year = "{2012}",
}

@book{Harvey1999a,
	author = "Harvey, Danny",
	title = "Climate and Global Environmental Change",
	publisher = "Prentice Hall",
	year = "{1999}",
}


@book{Harvey1999b,
	author = "Harvey, Danny",
	title = "Global Warming: The Hard Science",
	publisher = "Prentice Hall",
	year = "{1999}",
}

@misc{DivestProtect40to60,
	author = "Saxifrage, Carrie",
	title = "Divestment may protect from 40-60% overvaluation of fossil fuel stock",
	url = "http://www.vancouverobserver.com/blogs/earthmatters/fossil-fuel-divestment-cities-and-universities-moral-leadership-or-prudent",
	year = "{2013}",
}

@misc{StorebrandPR,
	author = "{Storebrand ASA}",
	title = "Storebrand reduserer \ce{CO2}-eksponeringen i sine investeringer --- 19 selskaper ekskluderes",
	url = "http://www.mynewsdesk.com/no/storebrand-asa/pressreleases/storebrand-reduserer-co2-eksponeringen-i-sine-investeringer-19-selskaper-ekskluderes-882693",
	year = "{2013}",
}

@misc{StorebrandNews,
	author = "Blackburne, Alex",
	title = "Norwegian pension fund divests from `financially worthless' fossil fuel firms",
	url = "http://blueandgreentomorrow.com/2013/07/05/norwegian-pension-fund-divests-from-financially-worthless-fossil-fuels/",
	year = "{2013}",
}

@misc{RabobankNews,
	author = "DutchNews.nl",
	title = "Rabobank will not finance shale gas extraction",
	url = "http://www.dutchnews.nl/news/archives/2013/07/rabobank_will_not_finance_shal.php",
	year = "{2013}",
}

@misc{RabobankRefuses,
	author = "Bertini, Ilaria",
	title = "Dutch bank refuses loans to businesses involved in shale gas",
	url = "http://blueandgreentomorrow.com/2013/07/01/dutch-bank-refuses-loans-to-businesses-involved-in-shale-gas/",
	year = "{2013}",
}

@misc{GristStorebrand,
	author = "Grandia, Kevin",
	title = "Major Norwegian Pension Fund Drops Tar Sands Investments",
	url = "http://grist.org/article/major-norwegian-pension-fund-drops-tar-sands-investments/",
	year = "{2013}",
}

@misc{WMOExtremesPR,
	author = "{World Meteorological Organization}",
	title = "2001--2010, A Decade of Climate Extremes",
	url = "http://www.wmo.int/pages/mediacentre/press_releases/pr_976_en.html",
	year = "{2013}",
}

@misc{WMOExtremesReport,
	author = "{World Meteorological Organization}",
	title = "The Global Climate 2001--2010: A Decade of Climate Extremes",
	url = "http://library.wmo.int/pmb_ged/wmo_1119_en.pdf",
	year = "{2013}",
}

@misc{BBConWMO,
	author = "Harrabin, Roger",
	title = "Climate extremes are `unprecedented'",
	url = "http://www.bbc.co.uk/news/science-environment-23154073",
	year = "{2013}",
}

@misc{ReutersonWMO,
	author = "Doyle, Alister",
	title = "World suffered unprecedented climate extremes in past decade --- WMO",
	url = "http://www.reuters.com/article/2013/07/03/us-climate-extremes-idUSBRE9620HF20130703",
	year = "{2013}",
}

% Sources added by Milan 2013-07-08

@misc{CanadaWontBudge,
	author = "McCarthy, Shawn",
	title = "Canada wonâ€™t budge on environment, Peter Kent insists",
	url = "http://www.theglobeandmail.com/news/politics/canada-wont-budge-on-environment-peter-kent-insists/article5872465/",
	year = "{2012}",
}

@misc{PotentPublicity,
	author = "Sheppard, Kate",
	title = "The Coal Industry Knows That Enviros Are Winning",
	url = "http://m.motherjones.com/blue-marble/2013/07/coal-industry-knows-enviros-are-winning",
	year = "{2013}",
}

% Sources added by Milan 2013-07-11

@misc{EnergyBreakdowns,
	author = "Broder, John M.",
	title = "Climate Change Will Cause More Energy Breakdowns, U.S. Warns",
	url = "http://www.nytimes.com/2013/07/11/us/climate-change-will-cause-more-energy-breakdowns-us-warns.html",
	year = "{2013}",
}

@misc{EnergySectorVulnerabilities,
	author = "{United States Department of Energy}",
	title = "U.S. Energy Sector Vulnerabilities to Climate Change and Extreme Weather",
	url = "http://energy.gov/sites/prod/files/2013/07/f2/20130710-Energy-Sector-Vulnerabilities-Report.pdf",
	year = "{2013}",
}

@misc{USHeatAndDrought,
	author = "Koch, Wendy",
	title = "Climate change's heat intensifies drought in the USA",
	url = "http://www.usatoday.com/story/news/nation/2013/07/09/climate-change-drought-texas/2451409/",
	year = "{2013}",
}

@misc{PeterKentTrail,
	author = "Smith, Rick",
	title = "Is Peter Kentâ€™s trail of destruction finally coming to an end?",
	url = "http://www.thestar.com/opinion/editorials/2013/07/11/is_peter_kents_trail_of_destruction_finally_coming_to_an_end.html",
	year = "{2013}",
}

@misc{AlbertaGreenlightsJackpine,
	author = "{The Canadian Press}",
	title = "Alberta greenlights Shell's Jackpine oilsands expansion",
	url = "http://www.cbc.ca/news/business/story/2013/07/10/shell-oilsands.html",
	year = "{2013}",
}

@misc{JointReviewPanelJackpine,
	author = "{Canadian Environmental Assessment Agency}",
	title = "Joint Review Panel Issues Report On Jackpine Mine Expansion Project",
	url = "http://ceaa.gc.ca/050/document-eng.cfm?document=90874",
	year = "{2013}",
}

@misc{PembinaOilAds,
	author = "Suleman, Zakir",
	title = "Confused by oil sands industry ads? A few helpful facts from Pembina Institute",
	url = "http://www.vancouverobserver.com/environment/confused-oil-sands-industry-ads-few-helpful-facts-pembina-institute",
	year = "{2013}",
}

@misc{JackpineConcerns,
	author = "{The Canadian Press}",
	title = "Shell Canada's oilsands expansion approved amid environmental concerns",
	url = "http://www.ctvnews.ca/business/shell-canada-s-oilsands-expansion-approved-amid-environmental-concerns-1.1361437",
	year = "{2013}",
}

@misc{ACFNDisappointed,
	author = "{Athabasca Chipewyan First Nation}",
	title = "ACFN disappointed by JRPâ€™s initial approval of Shell tar sands mine expansion; expects mitigation and accommodation to be in place prior to further approvals for the expansion",
	url = "http://acfnchallenge.wordpress.com/2013/07/10/for-immediate-release-acfn-disappointed-by-jrps-initial-approval-of-shell-tar-sands-mine-expansion-expects-mitigation-and-accommodation-to-be-in-place-prior-to-further-approvals-for-the-exp/",
	year = "{2013}",
}

@misc{ECGHGIndicators,
	author = "{Environment Canada}",
	title = "National Greenhouse Gas Emissions",
	url = "http://www.ec.gc.ca/indicateurs-indicators/default.asp?lang=en&n=FBF8455E-1",
	year = "{2013}",
}

@article{RacialEthnicHeat,
	author = "Jesdale, Bill M. and Morello-Frosch, Rachel and Cushing, Lara",
	title = "The Racial/Ethnic Distribution of Heat Riskâ€“Related Land Cover in Relation to Residential Segregation",
	journal = "Environmental Health Perspectives",
	year = "{2013}",
	volume = {121},
	url = "http://ehp.niehs.nih.gov/1205919/",
}

@misc{HedegaardAppeal,
	author = "EurActiv.com",
	title = "Hedegaard urges development banks to divest from fossil fuels",
	url = "http://www.euractiv.com/energy/hedegaard-calls-top-3-banks-disi-news-529130",
	year = "{2013}",
}

@misc{InvestHasteRepent,
	author = "{The CEE Bankwatch Network, SEE Change Net, and the WWF}",
	title = "Invest in Haste, Repent at Leisure",
	url = "http://seechangenetwork.org/images/publications/invest%20in%20haste%20repent%20at%20leisure.pdf",
	year = "{2013}",
}

@misc{Tsilhqotin,
	author = "{Supreme Court of British Columbia}",
	title = "Tsilhqot'in Nation v. British Columbia, 2007 BCSC 1700",
	url = "http://www.courts.gov.bc.ca/jdb-txt/sc/07/17/2007bcsc1700.pdf",
	year = "{2007}"
}

% From Amy by Stu 2013-07-20

@book{ClimateConvention2009,
	author = "{Department of Energy and Climate Change}",
	title = {The UK's Fifth National Communication under the United Nations Framework Convention on Climate Change},
	publisher = {Department of Energy and Climate Change},
	year = {2009},
	url = {http://unfccc.int/files/national_reports/annex_i_natcom/submitted_natcom/application/pdf/gbr_nc5.pdf},
}

@misc{EUETS,
	author = "{Government of the United Kingdom}",
	title = "EU Emissions Trading System (EU ETS)",
	url = "https://www.gov.uk/government/policies/reducing-the-uk-s-greenhouse-gas-emissions-by-80-by-2050/supporting-pages/eu-emissions-trading-system-eu-ets",
	urldate = "{2013}",
}

@misc{USGCRP,
	author = "{U.S. Global Change Research Program}",
	title = "About",
	url = "http://www.globalchange.gov/about",
	urldate = "{2013}",
}

@misc{WHEnergyStrategy,
	author = "{The White House}",
	title = "Obama Administration Record on an All-of-the-Above Energy Strategy",
	url = "http://www.whitehouse.gov/sites/default/files/docs/clean_energy_record_0.pdf",
	urldate = "{2013}",
}

@misc{DOIWindPower,
	author = "{U.S. Department of the Interior}",
	title = "Salazar Authorizes Landmark Wyoming Wind Project Site",
	url = "http://www.blm.gov/wo/st/en/info/newsroom/2012/october/NR_10_09_2012.html",
	date = "{2012-10-09}",
}

@misc{GridModernization,
	author = "{U.S. Department of Energy}",
	title = "Obama Administration Announces Job-Creating Grid Modernization Pilot Projects",
	url = "http://energy.gov/articles/obama-administration-announces-job-creating-grid-modernization-pilot-projects",
	date = "{2011-10-05}",
}

@misc{GreenButton,
	author = "{Office of Science and Technology Policy}",
	title = "Green Button: A Smart Decision",
	url = "http://www.whitehouse.gov/blog/2012/03/30/green-button-smart-decision",
	urldate = "{2013}",
}

@article{ARPAE,
	author = "Wurzelmann, Sam",
	title = "Advanced Research Projects Agency - Energy (ARPA-E): Innovation Through the U.S. Department of Energy",
	journal = "{Center for Climate and Energy Solutions}",
	year = "{2012}",
	url = "http://www.c2es.org/docUploads/arpa-e-brief.pdf",
}

@misc{ARPAEProjects,
	author = "{Advanced Research Projects Agency}",
	title = "Department of Energy Awards \$156 Million for Groundbreaking Energy Research Projects",
	url = "http://arpa-e.energy.gov/?q=arpa-e-news-item/department-energy-awards-156-million-groundbreaking-energy-research-projects",
	date = "{2011-09-29}",
}

@misc{EnergyHubs,
	author = "{U.S. Department of Energy}",
	title = "Energy Innovation Hubs: Achieving Our Energy Goals with Science",
	url = "http://energy.gov/articles/energy-innovation-hubs-achieving-our-energy-goals-science",
	urldate = "{2013}",
}

@misc{Hubs,
	author = "{U.S. Department of Energy}",
	title = "Energy Innovation Hubs",
	url = "http://energy.gov/science-innovation/innovation/hubs",
	urldate = "{2013}",
}

@misc{BetterBuildings,
	author = "{U.S. Department of Energy}",
	title = "Progress Update Spring 2013",
	url = "http://www4.eere.energy.gov/challenge/sites/default/files/uploaded-files/may-recognition-fs-052013.pdf",
	urldate = "{2013}",
}

@misc{EPAAirEnforcement,
	author = "{United States Environmental Protection Agency}",
	title = "Air Enforcement",
	url = "http://www.epa.gov/enforcement/air/",
	urldate = "{2013}",
}

@misc{EPAVolunteer,
	author = "{United States Environmental Protection Agency}",
	title = "EPA's Volunteer Monitoring Program",
	url = "http://water.epa.gov/type/rsl/datait/waters/georef/epasvmp.cfm",
	urldate = "{2013}",
}

@misc{EPAInternational,
	author = "{United States Environmental Protection Agency}",
	title = "About the Office of International and Tribal Affairs",
	url = "http://www2.epa.gov/aboutepa/about-office-international-and-tribal-affairs-oita",
	urldate = "{2013}",
}

@misc{CMAQ,
	author = "{U.S. Department of Transportation}",
	title = "CMAQ and SAFETEA-LU",
	url = "http://www.fhwa.dot.gov/environment/air_quality/cmaq/reference/safetea-lu/",
	urldate = "{2013}",
}

@misc{CMAQProgram,
	author = "{U.S. Department of Transportation}",
	title = "Congestion Mitigation and Air Quality Improvement (CMAQ) Program",
	url = "http://www.fhwa.dot.gov/environment/air_quality/cmaq/",
	urldate = "{2013}",
}

@misc{EnergyUpgrade,
	author = "{The White House}",
	title = "Securing American Energy",
	url = "http://www.whitehouse.gov/energy/securing-american-energy",
	urldate = "{2013}",
}

% Sources added by Milan on 2013-07-20

@misc{McGillBrief,
	author = "{Divest McGill}",
	title = "The Social Injury Caused by the Exploitation of the Tar Sands and Fossil Fuels",
	url = "http://toronto350.org/brief/mcgill/the-social-injury-of-tar-sands-and-fossil-fuels.pdf",
	year = "{2013}",
}

@misc{McGillRejection,
	author = "{McGill University Committee to Advise on Matters of Social Responsibility}",
	title = "Report of the Committee to Advise on Matters of Social Responsibility: Board of Governors meeting of May 23, 2013",
	url = "http://Toronto350.org/brief/mcgill/camsr_documents_0.pdf",
	year = "{2013}",
}

% Sources added by Milan on 2013-07-22

@misc{WHOHealthDay2008,
	author = "{World Health Organization}",
	title = "World Health Day 2008: protecting health from climate change",
	url = "http://www.who.int/world-health-day/previous/2008/en/",
	year = "{2008}",
}

@misc{WHOSevenCountry,
	author = "{World Health Organization}",
	title = "Protecting health from climate change: a seven-country initiative in the eastern part of the WHO European Region",
	url = "http://www.euro.who.int/en/what-we-do/health-topics/environment-and-health/Climate-change/publications/2009/protecting-health-from-climate-change-leaflets/protecting-health-from-climate-change-a-seven-country-initiative-in-the-eastern-part-of-the-who-european-region",
	urlyear = "{2013}",
}

@misc{WHOProtectHumanHealth,
	author = "{World Health Organization}",
	title = "Climate Change Adaptation to Protect Human Health",
	url = "http://www.who.int/globalchange/projects/adaptation/en/",
	year = "{2010}",
}

@misc{BildtArcticCouncil,
	author = "Bildt, Carl",
	title = "Statement to the UNFCCC COP XVII",
	url = "http://www.arctic-council.org/images/attachments/extra_information/arctic_council_statement_to_the_cop_xvii.pdf",
	year = "{2011}",
}

@misc{UNHumanRightsWebsite,
	author = "{United Nations Office of the High Commissioner for Human Rights}",
	title = "Human rights and climate change",
	url = "http://www.ohchr.org/EN/Issues/HRAndClimateChange/Pages/HRClimateChangeIndex.aspx",
	urlyear = "{2013}",
}

@misc{UNHRC2008,
	author = "{United Nations Human Rights Council}",
	title = "Resolution 7/23:  Human rights and climate change",
	url = "http://ap.ohchr.org/documents/E/HRC/resolutions/A_HRC_RES_7_23.pdf",
	year = "{2008}",
}

@misc{OHCHRStudy2009,
	author = "{United Nations Office of the High Commissioner for Human Rights}",
	title = "Report of the Office of the United Nations High Commissioner for Human Rights on the relationship between climate change and human rights",
	url = "http://daccess-dds-ny.un.org/doc/UNDOC/GEN/G09/103/44/PDF/G0910344.pdf?OpenElement",
	year = "{2009}",	
}

@misc{UNHRC2009,
	author = "{United Nations Human Rights Council}",
	title = "Resolution 10/4:  Human rights and climate change",
	url = "http://ap.ohchr.org/documents/E/HRC/resolutions/A_HRC_RES_10_4.pdf",
	year = "{2009}",
}

@misc{UNHRC1611,
	author = "{United Nations Human Rights Council}",
	title = "Human rights and the environment",
	url = "http://www2.ohchr.org/english/bodies/hrcouncil/docs/16session/A.HRC.RES.16.11_en.pdf",
	year = "{2011}",
}

@misc{UNHRC1822,
	author = "{United Nations Human Rights Council}",
	title = "Human rights and climate change",
	url = "http://daccess-dds-ny.un.org/doc/RESOLUTION/GEN/G11/167/48/PDF/G1116748.pdf?OpenElement",
	year = "{2011}",
}

@misc{Pillay2012,
	author = "Pillay, Navanethem",
	title = "Open Letter To all Permanent Missions in New York and Geneva",
	url = "http://www.ohchr.org/Documents/Issues/Development/OpenLetterHC.pdf",
	year = "{2012}",
}

@misc{KyotoProtocol,
	author = "{Parties to the Kyoto Protocol to the United Nations Framework Convention on Climate Change}",
	title = "Kyoto Protocol to the United Nations Framework Convention on Climate Change",
	url = "http://unfccc.int/essential_background/kyoto_protocol/items/1678.php",
	year = "{1997}",
}

@misc{CFNHRIHumanRights,
	author = "{Commonwealth Forum of National Human Rights Institutions}",
	title = "The Human Rights Impact of Climate Change",
	url = "http://cfnhri.org/working-groups/climate-change-and-human-rights/climate-change-background/",
	urlyear = "{2013}",
}

@misc{LakeVictoriaPlan,
	author = "{Commonwealth of Nations}",
	title = "Lake Victoria Commonwealth Climate Change Action Plan 2007",
	url = "http://www.thecommonwealth.org/files/173014/FileName/FinalA5ClimateChangeAW_2col.pdf",
	year = "{2007}",
}

@misc{COE2011decl,
	author = "{Council of Europe Committee on the Environment, Agriculture, and Local and Regional Affairs}",
	title = "As the world's warmest year ends, time for climate	change to be seen as a human rights issue",
	url = "http://www.assembly.coe.int/Communication/270111_declarationclimate_E.pdf",
	year = "{2011}",
}

@misc{COERec1879,
	author = "{Council of Europe Parliamentary Assembly}",
	title = "Recommendation 1879: Renewable energies and the environment",
	url = "http://assembly.coe.int/Main.asp?link=/Documents/AdoptedText/ta09/EREC1879.htm",
	year = "{2009}",
}

@misc{IOCSIDS,
	author = "{Indian Ocean Commission}",
	title = "ACCLIMATE: Adaptation au changement climatique",
	url = "http://www.acclimate-oi.net/",
	urlyear = "{2013}",
}

@misc{UNESCOTreaty,
	author = "{The General Conference of the United Nations Educational, Scientific and Cultural Organization}",
	title = "Convention Concerning the Protection of the World Cultural and Natural Heritage",
	url = "http://whc.unesco.org/en/conventiontext/",
	year = "{1975}",
}

@misc{UNESCO2006,
	author = "{United Nations Educational, Scientific and Cultural Organization World Heritage Committee}",
	title = "Threats to World Heritage Properties",
	url = "http://whc.unesco.org/en/decisions/351/",
	year = "{2006}",
}

@misc{CanadaEcosystemBriefing,
	author = "De Souza, Mike",
	title = "Major threats to biodiversity loom on Canadian economy: federal briefings",
	url = "http://o.canada.com/2013/07/17/major-threats-to-biodiversity-threaten-canadian-economy-federal-briefings/",
	year = "{2013}",
}

@misc{WorldBankCoal2013,
	author = "{The World Bank}",
	title = "World Bank Group Sets Direction for Energy Sector Investments",
	url = "http://www.worldbank.org/en/news/feature/2013/07/16/world-bank-group-direction-for-energy-sector",
	year = "{2013}",
}

@misc{ReutersonWBCoal,
	author = "Yukhananov, Anna and Volcovici, Valerie",
	title = "World Bank to limit financing of coal-fired plants",
	url = "http://www.reuters.com/article/2013/07/16/us-worldbank-climate-coal-idUSBRE96F19U20130716",
	year = "{2013}",
}

@misc{WBPresonCC,
	author = "Kim, Jim Yong",
	title = "Ending Poverty Includes Tackling Climate Change",
	url = "http://www.worldbank.org/en/news/opinion/2013/07/10/op-ed-ending-poverty-includes-tackling-climate-change",
	year = "{2013}",
}

@misc{WorldBankCCPP,
	author = "{The World Bank}",
	title = "Climate Change Projects \& Programs",
	url = "http://www.worldbank.org/en/topic/climatechange/projects",
	urlyear = "{2013}",
}

@misc{USEffectsOnEnergy,
	author = "{U.S. Department of Energy}",
	title = "Climate Change: Effects on Our Energy",
	url = "http://energy.gov/articles/climate-change-effects-our-energy",
	year = "{2013}",
}

% Sources added by Milan on 2013-07-23

@misc{OnePercentReport,
	author = "Timoney, Kevin and Lee, Peter",
	title = "Environmental Incidents in Northeastern Alberta's Bitumen Sands Region, 1996-2012",
	url = "http://globalforestwatch.ca/pubs/2013Releases/03PollutionIncidents/Envir_Incidents_July-22-2013.pdf",
	year = "{2013}",
}

@misc{GlobalFewerOnePercent,
	author = "Young, Leslie",
	title = "Alberta enforcing fewer than one per cent of oilsands environmental violations: Report",
	url = "http://globalnews.ca/news/734227/alberta-enforcing-fewer-than-one-per-cent-of-oilsands-environmental-violations-report/",
	year = "{2013}",
}

@misc{FinPoOnePercent,
	author = "{The Canadian Press}",
	title = "Study finds little environmental enforcement in oilsands incidents",
	url = "http://business.financialpost.com/2013/07/23/study-finds-little-environmental-enforcement-in-oilsands-incidents/",
	year = "{2013}",
}

@misc{Young37Years,
	author = "Young, Leslie",
	title = "Introduction: 37 years of oil spills in Alberta",
	url = "http://globalnews.ca/news/571494/",
	year = "{2013}",
}

@misc{CESD2011Dec,
	author = "{Commissioner of the Environment and Sustainable Development}",
	title = "2011 December Report of the Commissioner of the Environment and Sustainable Development",
	url = "http://www.oag-bvg.gc.ca/internet/English/parl_cesd_201112_01_e_36029.html#hd4b",
	year = "{2011}",
}

@misc{RoyalSocEnvHealth,
	author = "{The Royal Society of Canada Expert Panel}",
	title = "Environmental and Health Impacts of Canada's Oil Sands Industry",
	url = "https://www.ceaa-acee.gc.ca/050/documents_staticpost/59540/82080/Appendix_E_-_Part_09.pdf",
	year = "{2010}",
}

@misc{YoungPapernyRegulators,
	author = "Young, Leslie and Paperny, Anna Mehler",
	title = "Watching the pipelines: How good are Albertaâ€™s energy regulators?",
	url = "http://globalnews.ca/news/571507/watching-the-pipelines-how-good-are-albertas-energy-regulators/",
	year = "{2013}",
}

@misc{YoungPapernyAnatomy,
	author = "Young, Leslie and Paperny, Anna Mehler",
	title = "Anatomy of an oil spill",
	url = "http://globalnews.ca/news/572550/anatomy-of-an-oil-spill/",
	year = "{2013}",
}

@misc{SteinerFinancialSector,
	author = "Steiner, Achim",
	title = "Decarbonising the economy: the pivotal role of the financial sector",
	url = "http://www.guardian.co.uk/sustainable-business/financial-sector-low-carbon-economy",
	year = "{2013}",
}

@misc{SternEuropeanLowCarbon,
	author = "Stern, Nicholas",
	title = "The case for a European low-carbon economy",
	url = "http://www.lse.ac.uk/GranthamInstitute/Media/Commentary/2013/Jul/case-for-european-low-carbon-economy.aspx",
	year = "{2013}",
}

@misc{ImpaxBeyondFF,
	author = "{Impax Asset Management}",
	title = "Beyond Fossil Fuels: The Investment Case for Fossil Fuel Divestment",
	url = "http://www.impaxam.com/media/178162/20130704_impax_white_paper_fossil_fuel_divestment_uk_final.pdf",
	year = "{2013}",
}

@misc{MCSIFFP,
	author = "{MSCI ESG Research}",
	title = "Responding to the Call for Fossil-fuel Free Portfolios",
	url = "http://www.msci.com/resources/factsheets/MSCI%20ESG%20Research_FAQ%20on%20Fossil-Free%20Investing_June%202013.pdf",
	year = "{2013}",
}

@misc{ImpaxEnergyCollective,
	author = "Thorpe, David",
	title = "Investment Funds Divested From Fossil Fuels ``Will Perform Better''",
	url = "http://theenergycollective.com/david-k-thorpe/249401/investment-funds-divested-fossil-fuels-will-perform-better",
	year = "{2013}",
}

@misc{KeystoneLobbyingHarder,
	author = "Harder, Amy",
	title = "Meet Canada, Keystone's Marquee Lobbyist",
	url = "http://www.nationaljournal.com/columns/power-play/meet-canada-keystone-s-marquee-lobbyist-20130714",
	year = "{2013}",
}

@misc{HarperNoBrainer,
	author = "McCarthy, Shawn",
	title = "Keystone pipeline approval `complete no-brainer,' Harper says",
	url = "http://www.theglobeandmail.com/news/politics/keystone-pipeline-approval-complete-no-brainer-harper-says/article4203332/"m
	year = "{2011}",
}

@misc{OliverRadicalLetter,
	author = "Oliver, Joe",
	title = "An open letter from the Honourable Joe Oliver, Minister of Natural Resources, on Canada's commitment to diversify our energy markets and the need to further streamline the regulatory process in order to advance Canadaâ€™s national economic interest",
	url = "http://www.nrcan.gc.ca/media-room/news-release/2012/1/3520",
	year = "{2012}",
}

@article{PotsdamSeaLevelReport,
	author = "Levermann, Anders and Clark, Peter U. and Marzeion, Ben and Milne, Glenn A. and Pollard, David and Radic, Valentina and Robinson, Alexander",
	title = "The multimillennial sea-level commitment of global warming",
	journal = "Proceedings of the National Academy of Sciences",
	year = "{2013}",
	url = "http://www.pnas.org/content/early/2013/07/10/1219414110.full.pdf+html",
}

@misc{TwoPointThreeMetres,
	author = "Reuters",
	title = "Sea levels may rise 2.3 metres per degree of global warming, report says",
	url = "http://www.guardian.co.uk/environment/2013/jul/15/sea-levels-rise-global-warming?CMP=twt_gu",
	year = "{2013}",
}

% Sources added by Milan 2013-07-30

@article{Goldblatt2013,
	author = "Goldblatt, Colin and Robinson, Tyler D. and Zahnie, Kevin J., and Crisp, David",
	title = "Low simulated radiation limit for runaway greenhouse climates",
	url = "http://www.nature.com/ngeo/journal/v6/n8/full/ngeo1892.html",
	journal = "Nature Geoscience",
	year = "{2013}",
	volume = {6},
}

@misc{IndiaActionSummary,
	author = "{Center for Climate and Energy Solutions}",
	title = "Summary: India's National Action Plan on Climate Change",
	url = "http://www.c2es.org/international/key-country-policies/india/climate-plan-summary",
	year = "{2008}",
}

@misc{IndiaPlan2008,
	author = "{Government of India, Prime Minister's Council on Climate Change}",
	title = "National Action Plan on Climate Change",
	url = "http://pmindia.gov.in/climate_change_english.pdf",
	year = "{2008}",
}

@misc{PeltierBoundless,
	author = "{University of Toronto}",
	title = "Richard Peltier",
	url = "http://boundless.utoronto.ca/story/richard-peltier/",
	urlyear = "{2013}",
}

@misc{DemboBoundless,
	author = "{University of Toronto}",
	title = "Ron Dembo",
	url = "http://boundless.utoronto.ca/leadership/dembo/",
	urlyear = "{2013}",
}

@misc{GlobalHealthEquity,
	author = "{University of Toronto}",
	title = "Institute of Global Health Equity and Innovation",
	url = "http://boundless.utoronto.ca/initiatives/institute-of-global-health-equity-and-innovation/",
	urlyear = "{2013}",
}

@misc{DaarBoundless,
	author = "{University of Toronto}",
	title = "Abdallah Daar",
	url = "http://boundless.utoronto.ca/story/dr-abdallah-daar/",
	urlyear = "{2013}",
}

@misc{KofflerCC,
	author = "{University of Toronto Koffler Scientific Reserve at Jokers Hill}",
	title = "Climate change, range expansion and evolution of flowering phenology",
	url = "http://ksr.utoronto.ca/project2",
	urlyear = "{2013}",
}

@article{Sugar2012,
	author = "Sugar, Lorraine and Kennedy, Christopher",
	title = "A low carbon infrastructure plan for Toronto, Canada",
	journal = "Canadian Journal of Civil Engineering",
	year = "{2012}",
	volume = {40},
	url = "http://www.nrcresearchpress.com/doi/full/10.1139/cjce-2011-0523#.UfgFEmTXgbh",
}

@misc{IEAOnTwoDegrees,
	author = "{International Energy Agency}",
	title = "The wider benefits of the 2ËšC Scenario",
	url = "http://www.iea.org/etp/faq/factsheets/widerbenefitsof2ds/#d.en.28312",
	urlyear = "{2013}",
}

@misc{ManagingBusinessRisks,
	author = "{National Round Table on the Environment and the Economy}",
	title = "Managing the business risks and opportunities of a changing climate: A primer for executives on adaptation to climate change",
	url = "http://toronto350.org/NRTEE/Adaptation-to-Climate-Change-Primer-for-Business-Executives-english.pdf",
	year = "{2012}",
}

@misc{LeveragingInvestmentsCScience,
	author = "{National Round Table on the Environment and the Economy}",
	title = "Leveraging investments in climate science and impacts and adaptation research to 
	support business responses to climate change today",
	url = "http://toronto350.org/NRTEE/Leveraging-Investments-Framing-Note-english.pdf",
	year = "{2012}",
}

@misc{Achieving2050,
	author = "{National Round Table on the Environment and the Economy}",
	title = "Achieving 2050: A Carbon Pricing Policy for Canada",
	url = "http://neia.org/wp-content/uploads/2013/04/carbon-pricing-advisory-note-eng.pdf",
	year = "{2009}",
}


@misc{Achieving2050Outreach,
	author = "{National Round Table on the Environment and the Economy}",
	title = "Outreach Report - Achieving 2050: A Carbon Pricing Policy for Canada",
	url = "http://toronto350.org/NRTEE/achieving-2050-outreach-eng.pdf",
	year = "{2009}",
}

@misc{RealityCheck2012,
	author = "{National Round Table on the Environment and the Economy}",
	title = "Reality check: The state of climate progress in Canada",
	url = "http://toronto350.org/NRTEE/RealityCheck2012.pdf",
	year = "{2012}",
}

@misc{FacingTheElements,
	author = "{National Round Table on the Environment and the Economy}",
	title = "Facing the Elements: Building Business Resilience in a Changing Climate",
	url = "http://publications.gc.ca/collections/collection_2012/trnee-nrtee/En133-40-5-2-2012-eng.pdf",
	year = "{2012}",
}

@misc{DegreesOfChange,
	author = "{National Round Table on the Environment and the Economy}",
	title = "Degrees of Change: Climate Warming and the Stakes for Canada",
	year = "{2010}",
	url = "http://publications.gc.ca/collections/collection_2010/trnee-nrtee/En133-40-2-2010-eng.pdf",
}

@article{OLeary2013,
	author = "O'Leary, Michael J. and Hearty, Paul J. and Thompson, William G. and Raymo, Maureen E. and Mitrovica, Jerry X. and Webster, Jody M.",
	title = "Ice sheet collapse following a prolonged period of stable sea level during the last interglacial",
	journal = "Nature Geoscience",
	url = "http://www.nature.com/ngeo/journal/vaop/ncurrent/abs/ngeo1890.html",
	year = "{2013}",
}

@misc{SouthEastFloridaCompact,
	author = "{Broward County, Miami-Dade County, Monroe County, and Palm Beach County}",
	title = "Southeast Florida Regional Climate Change Compact",
	url = "http://southeastfloridaclimatecompact.org/pdf/compact.pdf",
	year = "{2010}"
}

@misc{Halliburton2013,
	author = "Reuters",
	title = "Halliburton pleads guilty to destroying Gulf oil spill evidence",
	url = "http://www.reuters.com/article/2013/07/25/us-gulf-spill-halliburton-idUSBRE96O1HF20130725",
	year = "{2013}",
}

@article{VastCostsArctic,
	author = "Whiteman, Gail and Hope, Chris and Wadhams, Peter",
	title = "Vast costs of Arctic change",
	url = "http://www.nature.com/nature/journal/v499/n7459/pdf/499401a.pdf",
	year = "{2013}",
	volume = {499},
	journal = "Nature",
}

@article{Thermokast2013,
	author = "Levy, Joseph S. and Fountain, Andrew G. and Dickson, James L. and Head, James W. and Okal, Marianne and Marchant, David R. and Watters, Jaclyn",
	title = "Accelerated thermokarst formation in the McMurdo Dry Valleys, Antarctica",
	journal = "Scientific Reports",
	volume = {3},
	url = "http://www.nature.com/srep/2013/130724/srep02269/full/srep02269.html",
}

@misc{VidalTimebomb,
	author = "Vidal, John",
	title = "Rapid Arctic thawing could be economic timebomb, scientists say",
	url = "http://www.theguardian.com/environment/2013/jul/24/arctic-thawing-permafrost-climate-change",
	year = "{2013}",
}

% Sources added by Stu from Amy 2013-08-10

@misc{KyotoTargetsGermany,
	author = "{European Commission}",
	title = "Kyoto emissions targets: Joint fulfillment, 'burden sharing' and base years",
	url = "http://ec.europa.eu/clima/policies/g-gas/kyoto/index_en.htm",
	urldate = "{2013}"
}

@misc{GermanyGHG,
	author = "{German Missions in the United States}",
	title = "Key Messages on German Climate and Energy Policy",
	url = "http://www.germany.info/Vertretung/usa/en/06__Foreign__Policy__State/02__Foreign__Policy/05__KeyPoints/ClimateEnergy__Key.html",
	urldate = "{2013}"
}

@misc{GermanyTrading,
	author = "{Federal Ministry for the Environment, Nature Conservation and Nuclear Safety}",
	title = "General Information - Emissions Trading",
	url = "http://www.bmu.de/en/topics/climate-energy/emissions-trading/general-information/",
	urldate = "{2013}"
}

@misc{GermanyTariff,
	author = "{HÃ¶hne, Niklas and Geurts, Fieke and Teckenburg, Eva}",
	title = "{Germany}",
	month = nov,
	year = "{2011}",
	url = "{http://www.ecofys.com/files/files/wwf_ecofys_2011_%20eu%20cpt_germany.pdf}"
}

@misc{GermanyIECP,
	author = "{Federal Ministry for the Environment, Nature Conservation and Nuclear Safety}",
	title = "General Information - Climate Protection",
	url = "http://www.bmu.de/P196-1/",
	urldate = "{2013}"
}

@misc{ChinaTopEmission,
	author = "{Nature International Weekly Journal of Science}",
	title = "China tops \ce{CO2} emissions",
	url = "http://www.nature.com/news/2007/070618/full/news070618-9.html",
	urldate = "{2013}"
}

@misc{RenewableInvestment,
	author = "{Forbes}",
	title = "China Leads The World In Renewable Energy Investment",
	url = "http://www.forbes.com/sites/jackperkowski/2012/07/27/china-leads-the-world-in-renewable-energy-investment/",
	urldate = "{2013}"
}

@misc{FiveYearPlan,
	author = "{Centre for Climate and Energy Solutions}",
	title = "Energy and Climate Goals of China's 12th Five-Year Plan",
	url = "http://www.c2es.org/international/key-country-policies/china/energy-climate-goals-twelfth-five-year-plan",
	month = mar,
	year = "{2011}"
}

@misc{ChinaRestructuring,
	author = "{China.org.cn}",
	title = "China curbs \ce{CO2} emissions through industrial restructuring",
	url = "http://www.china.org.cn/environment/2012-11/21/content_27190223.htm",
	date = "{2012-11-21}"
}

@misc{EmergingIndustries,
	author = "{China.org.cn}",
	title = "Mitigating Climate Change",
	url = "http://www.china.org.cn/government/whitepaper/2012-11/22/content_27193738.htm",
	urldate = "{2013}"
}

@misc{ChinaCarbonTax,
	author = "{Stanway, David}",
	title = "China to levy carbon tax before 2015 - Report",
	howpublished = "{Electronic - Reuters}",
	url = "http://www.reuters.com/article/2012/01/05/china-carbon-idUSL3E8C5D1220120105",
	date = "{2012-01-05}"
}

@misc{PilotTrading,
	author = "{Lutenegger, Brian}",
	title = "Issue Brief: Chinaâ€™s Actions on Clean Power",
	howpublished = "{Electronic - Environmental and Energy Study Institute}",
	url = "http://www.eesi.org/issue-brief-china-s-actions-clean-power-15-oct-2012",
	month = oct,
	year = {2012}
}

% Sources added by Milan 2013-08-12

@book{Harrison1996,
	author = "Harrison, Kathryn",
	title = "Passing the Buck: Federalism and Canadian Environmental Policy",
	year = "{1996}",
	publisher = "University of British Columbia Press"
}

% Sources add by Stu from Amy 2013-08-12

@misc{FranceEmission,
	author = "{Embassy of France in Washington}",
	title = "France - rising to the international climate challenge",
	url = "http://www.franceintheus.org/greenfrance/spip.php?article4370",
	date = "{2013-02-26}"
}

@misc{Reduction2050,
	author = "{French Embassy in Ottawa}",
	title = "Issues and reasons behind the French offer to host the 21st Conference of the Parties on Climate Change 2015",
	url = "http://www.ambafrance-ca.org/France-and-the-fight-against",
	date = "{2009-01-16}"
}

@misc{IntermediaryTargets,
	author = "{France Diplomatie}",
	title = "Issues and reasons behind the French offer to host the 21st Conference of the Parties on Climate Change 2015",
	url = "http://www.diplomatie.gouv.fr/en/french-foreign-policy-1/sustainable-development-1097/climate-change/21st-conference-of-the-parties-on/article/issues-and-reasons-behind-the",
	date = "{2013-05-22}"
}

@article{Reduction2020,
	author = "{Ã‰gert, BalÃ¡zs}",
	Journal = {OECD Economics Department Working Papers},
	Publisher = {OECD Publishing},
	Month = {September},
	Year = {2011},
	Number = {859},
	Title = "France's Environmental Policies: Internalising Global and Local Externalities",
	url = "http://dx.doi.org/10.1787/5kgdpn0n9d8v-en"
}

@misc{ONERC,
	author = "{Climate-Adapt}",
	title = "ONERC (Observatoire National sur les Effets du RÃ©chauffement Climatique)",
	url = "http://climate-adapt.eea.europa.eu/viewaceitem?aceitem_id=414",
	urldate = "{2013}"
}

@misc{SNAAC,
	author = "{NationalObservatory on the Effects of Global Warming}",
	title = "National Strategy for Adaptation to Climate Change",
	url = "http://www.developpement-durable.gouv.fr/IMG/pdf/ONERC_The_French_National_Strategy_for_Adaptation_to_Climate_Change.pdf",
	urldate = "{2013}"
}

@misc{GrenelleEnvironment,
	author = "{Vieira, Ricardo Stanziola and BÃ©taille, Julien}",
	Journal = {IUCN Enviornmental Policy and Law Paper},
	Publisher = {IUCN Environmental Law Centre},
	Year = {2008},
	Number = {70},
	title = "Grenelle de l'environnement: Is France Making Up for Lost Time?",
	url = "http://data.iucn.org/dbtw-wpd/html/eplp-070/section23.html",
}

@misc{GrenellePolicies,
	author = "{Ministry of Ecology, Energy, Sustainable Development and the Sea}",
	title = "French Climate Plan",
	url = "http://ec.europa.eu/environment/networks/greenspider/doc/climate_change_campaigns/ccc_france.pdf",
	Month = {November},
	Year = {2009},
}

% Sources added by Milan 2013-08-25

@misc{GICOCC2013,
	author = "{Global Investor Coalition on Climate Change}",
	title = "Global Investor Survey on Climate Change: 3rd Annual Report on Actions and Progress",
	url = "http://globalinvestorcoalition.org/wp-content/uploads/2013/08/2013%20Global%20Investor%20Survey%20Report%20Final.pdf",
	year = "{2013}",
}

@misc{Vittorio2013,
	author = "Vittorio, Andrea",
	title = "Investors See Climate Change as Risk That Influences Decisions: Report",
	url = "http://www.bloomberg.com/news/2013-08-06/investors-see-climate-change-as-risk-that-influences-decisions-report.html",
	year = "2013",
}

@misc{Paris2013,
	author = "Paris, Max",
	title = "Oil and gas industry emission rules still not ready from Ottawa",
	url = "http://www.cbc.ca/news/politics/story/2013/07/02/pol-oil-and-gas-regulations-deadline-missed-again.html",
	year = "{2013}",
}

@misc{Stewart2013,
	author = "Stewart, Keith",
	title = "On Keystone XL, beware John Baird bearing gifts",
	url = "http://www.greenpeace.org/canada/en/Blog/on-keystone-xl-beware-john-baird-bearing-gift/blog/46116/",
	year = "{2013}",
}

@article{Hallegatte2013,
	author = "Hallegatte, Stephane and Green, Colin and Nicholls, Robert and Corfee-Morlot, Jan",
	title = "Future flood losses in major coastal cities",
	journal = "Nature Climate Change",
	year = "{2013}",
	url = "http://www.nature.com/nclimate/journal/vaop/ncurrent/full/nclimate1979.html",
}

@misc{Moore2013,
	author = "Moore, Dene",
	title = "Coastal Flooding Could Cost \$1 Trillion By 2050, Vancouver At Risk To Losses: Study",
	url = "http://www.huffingtonpost.ca/2013/08/20/costal-flooding-cost_n_3786208.html",
	year = "{2013}",
}

@misc{VancouverFlooding2013,
	author = "{The Canadian Press}",
	title = "Future flooding scenario shows Metro Vancouver at risk",
	url = "http://www.cbc.ca/news/canada/british-columbia/story/2013/08/20/bc-vancouver-climate-flooding-cost.html",
	year = "{2013}",
}

@misc{Pidot2006,
	author = "Pidot, Justin R.",
	title = "Global Warming in the Courts: An Overview of Current Litigation and Common Legal Issues",
	url = "http://web.archive.org/web/20070607095308/http://www.law.stanford.edu/program/centers/enrlp/pdf/GlobalWarmingLit_CourtsReport.pdf",
	year = "{2006}",
}

@article{Bumbaco2013,
	author = "Bumbaco, Karin A. and Dello, Kathie D. and Bond, Nicholas A.",
	title = "History of Pacific Northwest Heat Waves: Synoptic Pattern and Trend",
	journal = "Journal of Applied Meteorology and Climatology",
	volume = {52},
	issue = {7},
	year = "{2013}",
	url = "http://journals.ametsoc.org/doi/abs/10.1175/JAMC-D-12-094.1",
}

@misc{HeatwavesQuadruple2013,
	author = "{ScienceDaily}",
	title = "Nighttime Heat Waves Quadruple in Pacific Northwest",
	year = "{2013}",
	url = "http://www.sciencedaily.com/releases/2013/07/130719140010.htm",
}

@article{Iizumi2013,
	author = "Iizumi, Toshichika and Sakuma, Hirofumi and Yokozawa, Masayuki and Luo, Jing-Jia and Challinor,	Andrew J. and  Brown, Molly E. and Sakurai, Gen and Yamagata, Toshio",
	title = "Prediction of seasonal climate-induced variations in global food production",
	journal = "Nature Climate Change",
	year = "{2013}",
	url = "http://www.nature.com/nclimate/journal/vaop/ncurrent/full/nclimate1945.html",
}

@book{IPCCExtremeEvents,
	author = "{Intergovernmental Panel on Climate Change}",
	title = "Managing the Risks of Extreme Events and Disasters to Advance Climate Change Adaptation",
	publisher = "Cambridge University Press",
	year = "{2012}",
	url = "http://ipcc-wg2.gov/SREX/",
}

@article{Funk2009,
	author = "Funk, Chris C. and Brown, Molly E.",
	title = "Declining global per capita agricultural production and warming oceans threaten food security",
	journal = "Food Security",
	month = "September",
	year = "{2009}",
	volume = {1},
	issue = {3},
	url = "http://link.springer.com/article/10.1007%2Fs12571-009-0026-y",
}

@misc{EastGrey2013,
	author = "{The Economist}",
	title = "China and the environment: The East is grey",
	year = "{2013}",
	url = "http://www.economist.com/news/briefing/21583245-china-worlds-worst-polluter-largest-investor-green-energy-its-rise-will-have",
}

% Sources added by Milan 2013-08-26

@misc{Supermajordammerung,
	author = "{The Economist}",
	title = "Supermajordammerung",
	url = "http://www.economist.com/news/briefing/21582522-day-huge-integrated-international-oil-company-drawing",
	year = "{2013}",
}

@article{Sproles2012,
	author = "Sproles, E. and Nolin, A. and Rittger, K. and Painter, T.",
	title = "Climate change impacts on maritime mountain snowpack in the Oregon Cascades",
	journal = "Hydrology and Earth System Sciences",
	volume = {9},
	year = "{2012}",
	url = "http://www.hydrol-earth-syst-sci-discuss.net/9/13037/2012/hessd-9-13037-2012.html",
}

@misc{OregonSnowpack,
	author = "{ScienceDaily}",
	title = "Global Warming to Cut Snow Water Storage 56 Percent in Oregon Watershed",
	url = "http://www.sciencedaily.com/releases/2013/07/130726092431.htm",
	year = "{2013}",
}

@misc{ColoradoReservoirs,
	author = "{ScienceDaily}",
	title = "Future Of Western U.S. Water Supply Threatened By Climate Change",
	url = "http://www.sciencedaily.com/releases/2009/07/090720163555.htm",
	year = "{2009}",
}

@misc{DryingWest2011,
	author = "{The Economist}",
	title = "The drying of the West: The Colorado River and the civilisation it waters are in crisis",
	url = "http://www.economist.com/node/18013810?story_id=18013810",
	year = "{2011}",
}

@article{Goelzer2013,
	author = "Goelzer, H. and Huybrechts, P. and Furst, J.J. and Nick, F.M. and Anderson, M.L. and Edwards, T.L. and Fettweis, X. and Payne, A.J. and Shannon, S.",
	title = "Sensitivity of Greenland ice sheet projections to model formulations",
	journal = "Journal of Glaciology",
	volume = {59},
	number = {216},
	year = "{2013}",
	url = "http://www.igsoc.org/journal/59/216/j12J182.html",
}

@misc{GreenlandContribution2013,
	author = "{ScienceDaily}",
	title = "Contribution of Greenland Ice Sheet to Sea-Level Rise Will Continue to Increase",
	year = "{2013}",
	url = "http://www.sciencedaily.com/releases/2013/07/130710104014.htm",
}

@article{Steinacher2013,
	author = "Steinacher, Marco and Joos, Fortunat and Stocker, Thomas F.",
	title = "Allowable carbon emissions lowered by multiple climate targets",
	journal = "Nature",
	volume = {499},
	year = "{2013}",
	url = "http://www.nature.com/nature/journal/v499/n7457/full/nature12269.html",
}

@misc{CoralReefs2013,
	author = "{ScienceDaily}",
	title = "Major Changes Needed for Coral Reef Survival",
	url = "http://www.sciencedaily.com/releases/2013/06/130628131023.htm",
	year = "{2013}",
}

@article{Vaks2013,
	author = "Vaks, A. and Gutareva, O. S. and Breitenbach, S. F. M. and Avirmed, E. and Mason, A. J. and Thomas, A. L. and Osinzev, A. V. and Kononov, A. M. and Henderson, G. M.",
	title = "Speleothems Reveal 500,000-Year History of Siberian Permafrost",
	volume = {340}, 
	number = {6129}, 
	pages = {183-186}, 
	year = "{2013}",
	journal = "Science",
	url = "http://www.sciencemag.org/content/340/6129/183.abstract",
}

@misc{15permafrost,
	author = "Harvey, Fiona",
	title = "1.5C rise in temperature enough to start permafrost melt, scientists warn",
	url = "http://www.theguardian.com/environment/2013/feb/21/temperature-rise-permafrost-melt",
	year = "{2013}",
}

@article{Villarini2013,
	author = "Villarini, Gabriele and Vecchi, Gabriel",
	title = "Projected Increases in North Atlantic Tropical Cyclone Intensity from CMIP5 Models",
	journal = "Journal of Climate",
	volume = {26},
	issue = {10},
	year = "{2013}",
	url = "http://journals.ametsoc.org/doi/abs/10.1175/JCLI-D-12-00441.1",
}

@misc{NATropical,
	author = "{ScienceDaily}",
	title = "More Intense North Atlantic Tropical Storms Likely in the Future",
	year = "{2012}",
	url = "http://www.sciencedaily.com/releases/2012/11/121130151651.htm",
}

@misc{AggressiveMeasures2012,
	author = "{ScienceDaily}",
	title = "Reaching 2009 International Climate Change Goals Will Require Aggressive Measures",
	year = "{2012}",
	url = "http://www.sciencedaily.com/releases/2012/12/121202164026.htm",
}

@article{Stocker2013,
	author = "Stocker, Thomas F.",
	title = "The Closing Door of Climate Targets",
	journal = "Science",
	volume = {339},
	number = {6117},
	pages = {280-282},
	year = "{2013}",
	url = "http://www.sciencemag.org/content/339/6117/280.short",
}

@article{Nghiem2012,
	author = "Nghiem, S. V. and Hall, D. K. and Mote, T. L. and Tedesco, M. and Albert, M. R. and Keegan, K. and Shuman, C. A. and DiGirolamo, N. E. and Neumann, G.",
	title = "The extreme melt across the Greenland ice sheet in 2012",
	journal = "Geophysical Research Letters",
	volume = {39},
	number = {20},
	url = "http://onlinelibrary.wiley.com/doi/10.1029/2012GL053611/abstract;jsessionid=6DA8E31B0EEE7197CD7E527BFC15AF1A.d02t03",
	year = "{2012}",
}

@article{Chapman2012,
	author = "Chapman, Teresa B. and Veblen, Thomas T. and Schoennagel, Tania",
	title = "Spatiotemporal patterns of mountain pine beetle activity in the southern Rocky Mountains",
	journal = "Ecology",
	volume = {93},
	issue = {10},
	url = "http://www.esajournals.org/doi/abs/10.1890/11-1055.1",
	year = "{2012}",
}

@misc{BeetleEpidemic,
	author = "{ScienceDaily}",
	title = "2001-2002 Drought Helped Propel Mountain Pine Beetle Epidemic",
	url = "http://www.sciencedaily.com/releases/2012/11/121105140403.htm",
	year = "{2012}",
}

@article{OGorman2012,
	author = "O'Gorman, Paul A.",
	title = "Sensitivity of tropical precipitation extremes to climate change",
	journal = "Nature Geoscience",
	year = "2012",
	url = "http://www.nature.com/ngeo/journal/v5/n10/full/ngeo1568.html",
}

@misc{ExtremeTropical2012,
	author = "{ScienceDaily}",
	title = "When It Rains, It Pours: Intensification of Extreme Tropical Rainfall With Global Warming Modeled",
	url = "http://www.sciencedaily.com/releases/2012/09/120917124208.htm",
	year = "{2012}", 
}