%% Created for Milan Ilnyckyj at 2013-03-30 10:46:15 -0400 
% Last updated by Milan Ilnyckyj 2013-06-18

%% Saved with string encoding Unicode (UTF-8) 

@book{Alley2000,
	Author = {Alley, Richard},
	Publisher = {Princeton University Press},
	Title = {The Two Mile Time Machine: Ice Cores, Abrupt Climate Change, and Our Future},
	Year = {2000},
}
	
@misc{CalculationsReferences,
	   author = "{United States Environmental Protection Agency}",
	   TITLE   = "Calculations and References",
	   URL = "http://www.epa.gov/cleanenergy/energy-resources/refs.html",
	   URLYEAR = 2013,
}

@book{Stern2007,
	Author = {Stern, Nicholas},
	Publisher = {Cambridge University Press},
	Title = {The Economics of Climate Change: The Stern Review},
	Year = {2007},
	url = "http://webarchive.nationalarchives.gov.uk/+/http:/www.hm-treasury.gov.uk/sternreview_index.htm",
}

@misc{NOAATrends,
	AUTHOR  = "{National Oceanic and Atmospheric Administration}",
	TITLE   = "Trends in Atmospheric Carbon Dioxide",
	URL = "http://www.esrl.noaa.gov/gmd/ccgg/trends/",
	URLYEAR = 2013,
}

@misc{Charney1979,
	AUTHOR	= "{U.S. National Academy of Sciences}",
	TITLE	= "Ad Hoc Study Group on Carbon Dioxide and Climate",
	URL = "http://www.atmos.ucla.edu/~brianpm/download/charney_report.pdf",
	URLYEAR = 1979,
}

@misc{IPCC1990,
	AUTHOR  = "{Intergovernmental Panel on Climate Change}",
	TITLE	= "First Assessment Report",
	URL = "https://www.ipcc.ch/ipccreports/1992%20IPCC%20Supplement/IPCC_1990_and_1992_Assessments/English/ipcc_90_92_assessments_far_overview.pdf"
	URLYEAR = 1990,
}

@misc{IPCC1995,
	AUTHOR  = "{Intergovernmental Panel on Climate Change}",
	TITLE	= "Second Assessment Report: Climate Change 1995",
	URL = "https://www.ipcc.ch/pdf/climate-changes-1995/ipcc-2nd-assessment/2nd-assessment-en.pdf"
	URLYEAR = 1995,
}
	
@misc{IPCC2001,
	AUTHOR  = "{Intergovernmental Panel on Climate Change}",
	TITLE	= "Third Assessment Report: Climate Change 2001",
	URL = "http://www.grida.no/publications/other/ipcc_tar/"
	URLYEAR = 2001,
}

@misc{IPCC2007,
	AUTHOR  = "{Intergovernmental Panel on Climate Change}",
	TITLE	= "Fourth Assessment Report: Climate Change 2007",
	URL = "https://www.ipcc.ch/publications_and_data/ar4/syr/en/contents.html"
	URLYEAR = 2007,
}

@misc{IPCC4ARdrivers,
	AUTHOR  = "{Intergovernmental Panel on Climate Change}",
   	TITLE   = "Climate Change 2007: Working Group I: The Physical Science Basis, TS.2 Changes in Human and Natural Drivers of Climate",
   	URL = "https://www.ipcc.ch/publications_and_data/ar4/wg1/en/tssts-2.html",
   	URLYEAR = 2007,
}

@misc{ECReducing,
   AUTHOR  = "{Environment Canada}",
   TITLE   = "Reducing Greenhouse Gases",
   URL = "http://climatechange.gc.ca/default.asp?lang=En&n=4FE85A4C-1",
   URLYEAR = 2012,
}

@misc{ECCoalFired,
	AUTHOR = "{Environment Canada}", 
	TITLE = "Harper Government Moves Forward on Tough Rules for Coal-Fired Electricity Sector",
	URL = "http://www.ec.gc.ca/default.asp?lang=En&n=714D9AAE-1&news=4D34AE9B-1768-415D-A546-8CCF09010A23",
	URLYEAR = 2012,
}

@misc{OMEGreening,
	AUTHOR = "{Ontario Ministry of the Environment}", 
	TITLE = "Climate Change - Greening Our Ways",
	URL = "http://www.ene.gov.on.ca/environment/en/category/climate_change/STDPROD_078897.html",
	URLYEAR = 2013,
}

@misc{EPACessation,
	AUTHOR = "{Government of Ontario}", 
	TITLE = "Ontario Regulation 496/07: Cessation of Coal Use â€“ Atikokan, Lambtom, Nantcoke and Thunder Bay Generating Stations",
	URL = "http://www.e-laws.gov.on.ca/html/regs/english/elaws_regs_070496_e.htm",
}

@misc{OMEGreen,
	AUTHOR = "{Ontario Ministry of the Environment}", 
	TITLE = "Green Energy Act",
	URL = "http://www.ene.gov.on.ca/environment/en/legislation/green_energy_act/index.htm",
}
	
@misc{ShellAtAGlance,
	author = "{Shell Canada}",
	TITLE = "Shell At a Glance",
	URL = "http://www.shell.ca/en/aboutshell/at-a-glance-tpkg.html",
	URLYEAR = 2013,
}

@misc{ExxonWhatWeDo,
	author = "ExxonMobil",
	TITLE = "Exxon: What We Do",
	URL = "http://www.exxonmobil.com/Corporate/about_what.aspx",
	URLYEAR = 2013,
}

@misc{ConstitutionAct,
	TITLE = "Constitution Act",
	author = "{Government of Canada}",
	URL = "http://laws-lois.justice.gc.ca/eng/Const/page-15.html#h-44",
	year = "{1982}",
	URLYEAR = 2013,
}

@misc{OntarioEnvironmentalBillofRights,
	author = "{Government of Ontario}",
	TITLE = "Ontario Environmental Bill of Rights",
	URL = "http://www.e-laws.gov.on.ca/html/statutes/english/elaws_statutes_93e28_e.htm",
	URLYEAR = 2013,
}

@misc{YukonEnviromentalandSocio-economicAssessmentAct,
	author = "{Government of the Yukon}"
	TITLE = "Yukon Environmental and Socio-economic Assessment Act"
	URL = "http://laws-lois.justice.gc.ca/eng/acts/Y-2.2/index.html",
	URLYEAR = 2013,
	}

@misc{EnvironmentalRightsAct,
	author = "{Government of the Northwest Territories}",
	TITLE = "Environmental Rights Act"
	URL = "http://www.justice.gov.nt.ca/PDF/ACTS/Environmental%20Rights.pdf",
	year = "{2010}",
	URLYEAR = 2013,
}

@misc{Treaty8,
	author = "{Government of Canada}",
	TITLE = "Treaty No. 8 Made June 21, 1899 and Adhesions, Reports, Etc.",
	URL = "http://www.aadnc-aandc.gc.ca/eng/1100100028813/1100100028853",
	URLYEAR = 2013,
	year = "{1899}",
}

@misc{PassingNoNewOilSandsApprovalsResolution,
	author = "{Keepers of the Athabasca}",
	TITLE = "Unanimous passing of No New Oil Sands Approvals resolution at the Assembly of Treaty Chiefs Meeting",
	URL = "http://www.aenweb.ca/node/2131",
	URLYEAR = 2013,
	year = "{2008}",
}

@misc{Treaty6,
	author = "{Government of Canada}",
	TITLE = "Treaty No. 6 between Her Majesty the Queen and the Plain and Wood Cree Indians and other Tribes of Indians at Fort Carlton, Fort Pitt and Battle River with Adhesions",
	URL = "http://www.aadnc-aandc.gc.ca/eng/1100100028710/1100100028783",
	URLYEAR = 2013,
	year = "{1876}",
}

@misc{UniversalDeclarationOfHumanRights,
	author = "{United Nations General Assembly}",
	TITLE = "The Universal Declaration of Human Rights",
	URL = "http://www.un.org/en/documents/udhr/index.shtml#a7",
	URLYEAR = 2013,
	year = "{1948}",
}

@article{HagueDeclarationOnTheEnvironment,
	author = "{Representatives from Australia, Brazil, Canada, Cote d'Ivoire, Egypt, France, Federal Republic of Germany, Hungary, India, Indonesia, Italy, Japan, Jordan, Kenya, Malta, Norway, New Zealand, the Netherlands, Senegal, Spain, Sweden, Tunisia, Venezuela, and Zimbabwe}",
	Journal = {International Legal Materials},
	Month = {September},
	Number = {5},
	Title = {Hague Declaration on the Environment},
	Volume = {28},
	Year = {1989},
}
		
%beginneal

@PHDTHESIS{Becker2010,
	author = {Becker, Thomas A.},
	title = {Essays in Finance and Environmental Economics},
	school = {University of California, Berkeley},
	year = {2010},
	note = {2317897261; 0501: Economics; 9781124551197; 0438: Environmental economics; 0508: Finance; 54157161; 66569; n/a; Social sciences; Equities; English; Oil; Mortgage debt; 3445452; Carbon; Copyright ProQuest, UMI Dissertations Publishing 2010; 2011-04-28; Becker, Thomas Anthony; 2010; 861494638; Cap-and-trade; Household finance; M3: 3445452; M1: Ph.D.},
	file = {:Sources\\Becker 2010 - Finance and Enviro Econix.pdf:PDF},
	isbn = {9781124551197},
	journal = {ProQuest Dissertations and Theses},
	keywords = {Oil; Mortgage debt; 0508:Finance; Carbon; Household finance; Cap-and-trade;
		Equities; Social sciences; 0501:Economics; 0438:Environmental economics},
	language = {English},
	pages = {120},
	url = {http://search.proquest.com.ezproxy.library.ubc.ca/docview/861494638?accountid=14656},
}

@ARTICLE{Busch2007,
	author = {Busch, Timo and Hoffmann, Volker H.},
	title = {Emerging carbon constraints for corporate risk management},
	journal = {Ecological Economics},
	year = {2007},
	volume = {62},
	pages = {518 - 528},
	number = {3 - 4},
	doi = {10.1016/j.ecolecon.2006.05.022},
	file = {:Sources\\Busch 2007 - carbon constraints for corp risk management.pdf:PDF},
	issn = {0921-8009},
	url = {http://www.sciencedirect.com/science/article/pii/S0921800906003521},
}

@MISC{CTI2012,
	author = {{Carbon Tracker Institute}},
	title = {Unburnable Carbon: Are the world's financial markets carrying a carbon bubble},
	year = {2012},
	file = {:Sources\\CarbonTracker 2012 Unburnable-Carbon-Full-rev2.pdf:PDF},
	url = {http://www.carbontracker.org/wp-content/uploads/downloads/2012/08/Unburnable-Carbon-Full1.pdf},
}

@MISC{Ceres2012_1,
	author = {Ceres},
	title = {Incorporating environmental, social and Governance factors into Investing: a survey of Investment Consultant Practices},
	file = {:Sources\\Ceres 2012 - Incorporating ESG Factors into Investing.pdf:PDF},
	url = {http://www.ceres.org/resources/reports/incorporating-environmental-social-and-governance-factors-into-investing-a-survey-of-investment-consultant-practices},
}

@MISC{Ceres2012,
	author = {Ceres},
	title = {Sustainable Extraction: An Analysis of SEC Disclosure by Major Oil \& Gas Companies on Climate Risk \& Deepwater Drilling Risk},
	howpublished = {web},
	year = {2012},
	file = {:Sources\\Ceres 2012 - Sustainable Extraction.pdf:PDF},
	url = {http://www.ceres.org/resources/reports/sustainable-extraction-an-analysis-of-sec-disclosure-by-major-oil-gas-companies-on-climate-risk-and-deepwater-drilling-risk},
}

@MISC{Aperio2013,
	author = {Geddes, Patrick},
	title = {Do the Investment Math: Building a Carbon-Free Portfolio},
	howpublished = {Electronic - Aperio Group},
	month = {January},
	year = {2013},
	file = {:Sources\\aperio 2013 - building_a_carbon_free_portfolio.pdf:PDF},
	url = {http://www.aperiogroup.com/system/files/documents/building_a_carbon_free_portfolio.pdf},
}

@MISC{GenIM2012,
	author = {Generation Investment Management},
	title = {Sustainable Capitalism},
	howpublished = {web},
	year = {2012},
	file = {:Sources\\Generation 2012 - sustainable-capitalism-v1.pdf:PDF},
	url = {http://www.generationim.com/media/pdf-generation-sustainable-capitalism-v1.pdf},
}

@ARTICLE{Gold2008,
	author = {Gold, Murray},
	title = {The Carbon Challenge},
	journal = {Benefits Canada},
	year = {2008},
	volume = {32},
	pages = {69-69},
	number = {2},
	note = {Copyright - Copyright Rogers Publishing Limited Feb 2008; Language of summary - English; Location - Canada; Pages - 69; ProQuest ID - 224288778; SubjectsTermNotLitGenreText - Canada; Last updated - 2010-06-09; Place of publication - Toronto; Corporate institution author - Gold, Murray; DOI - 1456385811; 38805401; 18385; BCD; INODOBCDX0004666354},
	file = {:Sources\\Gold 2008 - The Carbon Challenge.pdf:PDF},
	isbn = {07037732},
	keywords = {9172:Canada; Canada; 8130:Investment services; 4310:Regulation; Insurance;
		1540:Pollution control},
	language = {English},
	url = {http://search.proquest.com.ezproxy.library.ubc.ca/docview/224288778?accountid=14656},
}

@ARTICLE{Goulder2010,
	author = {Goulder, Lawrence H. and Hafstead, Marc A.C. and Dworsky, Michael},
	title = {Impacts of alternative emissions allowance allocation methods under a federal cap-and-trade program},
	journal = {Journal of Environmental Economics and Management},
	year = {2010},
	volume = {60},
	pages = {161 - 181},
	number = {3},
	doi = {10.1016/j.jeem.2010.06.002},
	file = {:Sources\\Goulder et al 2010 - Impacts of cap-and-trade.pdf:PDF},
	issn = {0095-0696},
	keywords = {Climate policy},
	url = {http://www.sciencedirect.com/science/article/pii/S0095069610000811},
}

@BOOK{IEA2012,
	author = {International Energy Agency},
	title = {World Energy Outlook: 2012},
	publisher = {Organization for Economic Cooperation and Development},
	year = {2012},
	doi = {10.1787/weo-2012-en},
	file = {:Sources\\IEA 2012 - World Energy Outlook.pdf:PDF},
	isbn = {9789264180840},
	url = {http://www.oecd-ilibrary.org/energy/world-energy-outlook-2012_weo-2012-en},
}

@MISC{Mercer2012,
	author = {Mercer},
	title = {Through the Looking Glass: How Investors are Applying the Results of the Climate Change Scenarios Study},
	howpublished = {web},
	year = {2012},
	file = {:Sources\\Mercer 2012 - How Investors are Applying Climate Change.pdf:PDF},
	url = {http://www.mercer.com/articles/1448900},
}

@MISC{OECD2010,
	author = {{Organisation for Economic Co-operation and Development}},
	title = {Transition to a Low-carbon Economy: Public Goals and Corporate Practices},
	doi = {http://dx.doi.org/10.1787/9789264090231-en},
	file = {:Sources\\OECD 2010 - Transition to a Low-carbon Economy.pdf:PDF},
	publisher = {OECD Publishing},
	url = {http://www.oecd.org/daf/inv/mne/transitiontoalow-carboneconomy.htm},
}

@MISC{HSBC2013,
	author = {HSBC Global Research},
	title = {Oil and Carbon Revisited},
	howpublished = {web},
	year = {2013},
	file = {:sources\\HSBC 2013 Oil and Carbon Revisted.pdf:PDF},
	url = {http://gofossilfree.org/files/2013/02/HSBCOilJan13.pdf},
}

@MISC{Robinson2012,
	author = {Robinson, David},
	title = {One big bad number},
	year = {2012},
	note = {Copyright - Copyright Northern Ontario Business Nov 2012; Language of summary - English; Pages - 4; ProQuest ID - 1173677426; Last updated - 2012-11-20; Place of publication - Sudbury; Corporate institution author - Robinson, David; DOI - 2819944471; 73797652; 12877; NONT; INODNONT0008240361},
	file = {:Sources\\Robinson 2012 - One Big Bad Number.pdf:PDF},
	isbn = {07102755},
	journal = {Northern Ontario Business},
	keywords = {Business And Economics},
	language = {English},
	number = {1},
	pages = {4-4},
	url = {http://search.proquest.com.ezproxy.library.ubc.ca/docview/1173677426?accountid=14656},
	volume = {33},
}

@ARTICLE{Schultz2005,
	author = {Schultz, Karl and Williamson, Peter},
	title = {Gaining Competitive Advantage in a Carbon-constrained World:: Strategies for European Business},
	journal = {European Management Journal},
	year = {2005},
	volume = {23},
	pages = {383 - 391},
	number = {4},
	doi = {10.1016/j.emj.2005.06.010},
	file = {:Sources\\Schultz 2005 - Competitive Advantage Carbon-constrainted World Strategies for Business.pdf:PDF},
	issn = {0263-2373},
	keywords = {Climate mitigation},
	url = {http://www.sciencedirect.com/science/article/pii/S0263237305000708},
}

@MISC{Stern2011,
	author = {Stern, Nicholas},
	title = {A profound contradiction at the heart of climate change policy},
	year = {2011},
	file = {:Sources\\Stern 2011 FT.com.pdf:PDF},
	journal = {Financial Times},
	url = {http://www.ft.com/intl/cms/s/0/52f2709c-20f0-11e1-8a43-00144feabdc0.html#axzz2P2nJOSta},
}

@MISC{UNEPFI2011,
	author = {United Nations Environment Programme Finance Initiative},
	title = {Universal Ownership: Why environmental externalities matter to institutional investors},
	howpublished = {web},
	year = {2011},
	file = {:Sources\\UNEPFI 2011 - Universal Ownership.pdf:PDF},
	url = {http://www.unepfi.org/fileadmin/documents/universal_ownership_full.pdf},
}

@MISC{UNEPFI2009,
	author = {United Nations Environment Programme Finance Initiative},
	title = {Fiduciary Responsibility: Legal and practical aspects of integrating
		environmental, social and governance issues into institutional investment},
	year = {2009},
	file = {:Sources\\UNEP FI 2009 - fiduciaryII.pdf:PDF},
	url = {http://www.unepfi.org/fileadmin/documents/fiduciaryII.pdf},
}

@MISC{UNEPFI2007,
	author = {{United Nations Environment Programme Finance Initiative} and Mercer},
	title = {Demystifying Responsible Investment Performance: A review of key academic and broker research on ESG factors},
	month = {October},
	year = {2007},
	file = {:Sources\\UNEP FI 2007 - Demystifying_Responsible_Investment_Performance_01.pdf:PDF},
	url = {http://www.unepfi.org/fileadmin/documents/Demystifying_Responsible_Investment_Performance_01.pdf},
}

@MISC{UofT2008,
	author = {University of Toronto},
	title = {Issues With Respect to University Divestment},
	howpublished = {web},
	year = {2008},
	file = {:Sources\\UofT 2008 divestment policy.pdf:PDF},
	url = {www.governingcouncil.utoronto.ca/policies/Issues_With_Respect_to_University_Divestment.htm},
}

@ARTICLE{Laan2004,
	author = {Van Der Laan, Sandra and Lansbury, Nina},
	title = {Socially Responsible Investing and Climate Change: Contradictions and Challenges},
	journal = {Australian Accounting Review},
	year = {2004},
	volume = {14},
	pages = {21--30},
	number = {34},
	doi = {10.1111/j.1835-2561.2004.tb00237.x},
	file = {:Sources\\Laan 2004 - SocResp Investing and Climate Change, Contradictions.pdf:PDF},
	issn = {1835-2561},
	publisher = {Blackwell Publishing Ltd},
	url = {http://dx.doi.org/10.1111/j.1835-2561.2004.tb00237.x},
}

%endneal
		
@misc{SullivanCromwell_2010,
	Author = "{Sullivan and Cromwell, LLP.}",
	Month = {November 8th},
	Title = {Foreign Corrupt Practices Act â€“ Recent Developments},
	url = "http://www.sullcrom.com/files/Publication/506e03de-55a2-461e-93dd-1dff80fc4a2d/Presentation/PublicationAttachment/eb3ca298-3c98-442b-bf24-1f693ea61ba5/SC_Publication_Foreign_Corrupt_Practices_Act_Recent_Developments.pdf",
	Year = {2010},
}

@misc{Holland-BartelsPierce_2011,
	Author = {Holland-Bartels, L. and Pierce, B.},
	Institution = {US Geological Survey},
	Title = {An Evaluation of the Science Needs to Inform Decisions on Outer Continental Shelf energy Development in the Chukchi and Beaufort Seas, Alaska},
	url = "http://pubs.usgs.gov/fs/2011/3048/pdf/fs20113048.pdf",
	Year = {2011},
}

@misc{Shell_2011,
	Author = "{Royal Dutch Shell}",
	Title = {Building an Energy Future: Annual Report},
	url = "http://reports.shell.com/annual-report/2012/servicepages/downloads/files/entire_shell_ar12.pdf",
	Year = {2011},
}

@misc{UNEP_2009,
	Author = "{United Nations Environment Programme}",
	Title = {Climate and Trade Policies in a Post-2012 World.},
	url = "http://www.unep.org/climatechange/Portals/5/documents/ClimateAndTradePoliciesPost2012_en.pdf",
	Year = {2009},
}

@book{KochanGoodYear_2011,
	Author = {Kochan, Nick and Goodyear, Robin},
	Publisher = {Palgrave MacMillan},
	Title = {Corruption: The New Corporate Challenge},
	Year = {2011},
}

@misc{Naidoo_2012,
	Author = {Naidoo, Kumi},
	Month = {October},
	Title = {Drilling for oil in the Arctic: the risks are too great for companies to take on},
	url = "http://www.guardian.co.uk/sustainable-business/blog/drilling-oil-arctic-risks-too-great-companies",
	Year = {2012},
}

@misc{Mathiason_2005,
	Author = {Mathiason, Nick},
	Month = {June 19th},
	Title = {EBRD freezes Shell Sakhalin loan},
	url = "http://www.guardian.co.uk/business/2005/jun/19/oilandpetrol.observerbusiness",
	Year = {2005},
}

@misc{NewsWire_2012,
	Author = "{NBC News Wire}",
	Month = {September 26th},
	Title = {Environmental risk of drilling in Arctic too high, CEO of oil giant Total says},
	url = "http://worldnews.nbcnews.com/_news/2012/09/26/14107150-environmental-risk-of-drilling-in-arctic-too-high-ceo-of-oil-giant-total-says",
	Year = {2012},
}

@article{Ukala_2011,
	Author = {Ukala, Eferiekose},
	Journal = {Journal of Energy, Climate and Environment},
	Pages = {98-126},
	Title = {Gas Flaring in Nigeriaâ€™s Niger Delta: Failed Promises and Reviving Community Voices},
	Year = {2011},
	url = "http://scholarlycommons.law.wlu.edu/jece/vol2/iss1/4/",
}

@misc{UTAM_2013,
	Author = "{University of Toronto Asset Management Corporation (UTAM)}",
	Month = {March 31st},
	Title = {International Equities - Above $1 Million},
	Year = {2012},
}

@misc{Steiner_2008,
	Author = {Steiner, Richard},
	Institution = {Milieu Defense},
	Title = {International Standards to Prevent and Control Pipeline Oil Spills, Compared with Shell Practices in Nigeria},
	Year = {2008},
}

@misc{Sosa_2011,
	Author = {Sosa, Irene},
	Institution = {Sustainalytics},
	Title = {License to Operate: Indigenous Relations and Free Prior and Informed Consent in the Mining Industry},
	url = "http://www.sustainalytics.com/sites/default/files/indigenouspeople_fpic_final.pdf",
	Year = {2011},
}

@misc{Memorandum_2012,
	author = "{Natural Resources Canada}",
	Month = {June 19th},
	Title = {Memorandum to the Minister: Pending Release by Natural Resources Canada of Reports on Natural vs. Human-Caused Contamination in the Oil Sands Region of the Athabasca River, Alberta},
	Year = {2012},
	url = "http://www.scribd.com/doc/125689533/Oilsands-groundwater-contamination",
}

@misc{NigerDeltaReport_2006,
	author = "{Nigeria Conservation Foundation and IUCN/CEESP}",
	title = {Niger Delta Natural Resource Damage Assessment and Restoration Project â€“ Phase I Scoping Report},
	url = "http://cmsdata.iucn.org/downloads/niger_delta_natural_resource_damage_assessment_and_restoration_project_recommendation.doc",
	Year = {2006},
}

@misc{HSBC_2013,
	Author = {Spedding, P. and Mehta, K. and Robins, N.},
	Institution = {HSBC Global Research},
	Month = {January 25th},
	Title = {Oil and carbon revisited: Value at risk from `unburnable' reserves},
	Year = {2013},
}

@misc{OutInTheCold_2012,
	Author = {Greenpeace, Platform, and FairPensions},
	Month = {May},
	Title = {Out in the Cold: Investor Risk in Shellâ€™s Arctic Exploration},
	url = "http://www.greenpeace.de/fileadmin/gpd/user_upload/themen/oel/20120521-Risiken-Oelbohrungen-Arktis-Investoren-englisch.pdf",
	Year = {2012},
}

@misc{NorwayPetition_2012,
	Month = {February 12},
	author = "{Right Livelihood Award Foundation}",
	Title = {Petition for Norway Pension Fund. The Right Livelihood Award},
	url = "http://www.rightlivelihood.org/petition_norway_shell.html",
	Year = {2012},
}

@misc{TobaccoReport_2007,
	Author = "{Advisory Board on Tobacco Investment, University of Toronto}",
	Month = {February},
	Title = {Report of the Advisory Board on Tobacco Investment},
	Year = {2007},
}

@misc{RiskingRuin_2012,
	Author = {Amuna, B. and Bassey, N. and Deranger, E.  and Gemmill, F. and Laboucon-Massimo, M.  and Plain, R. and Vassey, D.},
	Institution = {Indigenous Environmental Network \& The Athabasca Chipewyan First Nation},
	Title = {Risking Ruin: Shellâ€™s Dangerous Developments in the Tar Sands, Arctic, and Nigeria},
	url = "http://platformlondon.org/wp-content/uploads/2012/06/Shell-Risking-Ruin.pdf",
	Year = {2012},
}

@misc{Bribery_2010,
	Lastchecked = {March 10th 2013},
	author = "Scannell, Kara and Catan, Thomas",
	Title = {Settlements Near In Bribery Case},
	Month = {October},
	Url = {http://online.wsj.com/article/SB10001424052748703631704575552410420207630.html?mod=djem_jiewr_BE_domainid},
	Year = {2010},
}

@misc{ShellBribes_2010,
	Lastchecked = {March 10th 2013},
	Title = "Shell Bribes Among `Culture of Corruption,' Panalpina Admits",
	author = "Voreacos, David and Calkins, Laurel Brubaker",
	Month = {November},
	Url = {http://www.bloomberg.com/news/2010-11-05/shell-bribes-among-culture-of-corruption-panalpina-admits.html},
	Year = {2010},
}

@misc{Steiner_2010,
	Author = {Steiner, Richard},
	Institution = {Milieu Defense},
	Title = {Double standard: Shell practices in Nigeria compared with international standards to prevent and control pipeline oil spills and the Deepwater Horizon oil spill},
	url = "http://www.milieudefensie.nl/publicaties/rapporten/double-standard",
	Year = {2010},
}

@misc{Syria_2011,
	Author = {Minio-Paluello, Mika},
	Title = {Shell supports Syrian regime with \$55 million during crackdown; one out of six Syrian tanks runs on Shell oil.},
	url = "http://platformlondon.org/2011/05/29/shell-supports-syrian-regime-with-55-million-during-crackdown-one-out-of-six-syrian-tanks-runs-on-shell-oil/",
	year = "{2011}",
}

@book{Richardson_2008,
	Author = {Richardson, Benjamin},
	Month = {June},
	Publisher = {Oxford University Press},
	Title = {Socially Responsible Investment Law: Regulating the Unseen Polluters},
	Year = {2008},
}

@misc{carbontracker,
	Lastchecked = {March 16th 2013},
	author = "{Carbon Tracker Initiative}",
	title = "Carbon Tracker Initiative",
	url = {http://www.carbontracker.org},
}

%beginstu

@misc{MEEPlan,
	AUTHOR = "{MinistÃ¨re de lâ€™Ã‰cologie, de lâ€™Ã‰nergie, du DÃ©veloppement durable et de la Mer, en charge des Technologies vertes et des NÃ©gociations sur le climat}", 
	TITLE = "Plan de climate de la France: mise en oeuvre du Grenelle Environement",
	URL = "http://www.developpement-durable.gouv.fr/IMG/pdf/09003_PLAN_CLIMAT.pdf",
	URLYEAR = 2010,
}

@misc{MEEImpacts,
	AUTHOR = "{MinistÃ¨re de lâ€™Ã‰cologie, du DÃ©veloppement durable et de lâ€™Ã‰nergie}", 
	TITLE = "Impacts et adaptation (ONERC)",
	URL = "http://www.developpement-durable.gouv.fr/-Impacts-et-adaptation-ONERC-.html",
	URLYEAR = 2013,
}

@article{DupuisClimatique,
	AUTHOR = "Dupuis, Pascal",
	Journal = {ResponsabilitÃ© et Environnement},
	Month = {October},
	Title = {La politique de la France en matiÃ¨re dâ€™adaptation au changement climatique},
	Volume = {56},
	Pages = "56-65",
	Year = {2009},
}

@misc{DiplomatieClimatique,
	AUTHOR = "{France Diplomatie}", 
	TITLE = "Changement Climatique",
	URL = "http://www.diplomatie.gouv.fr/fr/politique-etrangere-de-la-france/environnement-et-developpement/changement-climatique-2496/",
	URLYEAR = 2012,
}

%endstu

%beginemily

@misc{WHcc2013,
	author = "{The White House}",
	TITLE = "Climate Change",
	URL = "http://www.whitehouse.gov/energy/climate-change",
	URLYEAR = 2013,
}

@misc{WHadaptation2013,
	author = "{The White House}",
	TITLE = "Climate Change Adaptation Task Force",
	URL = "http://www.whitehouse.gov/administration/eop/ceq/initiatives/adaptation",
	URLYEAR = 2013,
}
	
@misc{WHenergy,
	author = "{The White House}",
	TITLE = "Develop and Secure America's Energy Resources",
	URL = "http://www.whitehouse.gov/energy/securing-american-energy#clean%20energy",
	URLYEAR = 2013,
}
	
@misc{EPAinitiatives,
	author = "{United States Environmental Protection Agency}",
	TITLE = "Regulatory Initiatives",
	URL = "http://www.epa.gov/climatechange/EPAactivities/regulatory-initiatives.html",
	URLYEAR = 2013,}
	
@misc{EPAwater,
	AUTHOR = "{United States Environmental Protection Agency}",
	TITLE = "Water: Climate Ready Estuaries",
	URL = "http://water.epa.gov/type/oceb/cre/index.cfm",
	URLYEAR = 2013,}

@misc{EPAwaterutilities,
	AUTHOR = "{United States Environmental Protection Agency}",
	TITLE = "Climate Ready Water Utilities (CRWU)",
	URL = "http://water.epa.gov/infrastructure/watersecurity/climate/",
	URLYEAR = 2013,}

@misc{USDTaction,
	AUTHOR = "{United States Department of Transportation}",
	TITLE = "Climate Action Plans",
	URL = "http://climate.dot.gov/state-local/local-action-plans.html",
	URLYEAR = 2013,}
	
@misc{USDTinitiatives,
	AUTHOR = "{United States Department of Transportation}",
	TITLE = "State and Regional Initiatives",
	URL = "http://climate.dot.gov/state-local/regional-initiatives.html",
	URLYEAR = 2013,}
	
@misc{EPAdatabase,
	AUTHOR = "{United States Environmental Protection Agency}",
	TITLE = "Climate Change Action Plans",
	URL = "http://www.epa.gov/statelocalclimate/local/local-examples/action-plans.html",
	URLYEAR = 2013,}

@misc{CCS,
	AUTHOR = "{Centre for Climate Strategies}",
	TITLE = "Climate Actions in Progress",
	URL = "http://www.climatestrategies.us/",
	URLYEAR = 2013,
}
	
@misc{CCESmaps,
	AUTHOR = "{Centre for Climate and Energy Solutions}",
	TITLE = "US Climate Policy Maps",
	URL = "http://www.c2es.org/us-states-regions/policy-maps",
	URLYEAR = 2013,
}
	
@misc{CCESinitiatives,
	AUTHOR = "{Centre for Climate and Energy Solutions}",
	TITLE = "Multi-State Climate Initiatives",
	URL = "http://www.c2es.org/us-states-regions/regional-climate-initiatives",
	URLYEAR = 2013,
}
	
@misc{DEFRAmitigating,
	AUTHOR = "{Department for Environment, Food \& Rural Affairs}",
	TITLE = "Mitigating Climate Change-Defra's role",
	URL = "http://www.defra.gov.uk/environment/climate/mitigating",
	URLYEAR = 2013,
}
	
@misc{DEFRAgovnt,
	AUTHOR = "{Department for Environment, Food \& Rural Affairs}",
	TITLE = "What is Government doing?",
	URL = "http://www.defra.gov.uk/environment/climate/government/",
	URLYEAR = 2013,
}
	
@misc{UKgovnt,
	AUTHOR = "{Government of the United Kingdom}",
	TITLE = "Reducing the UK's greenhouse gas emissions by 80\% by 2050",
	URL = "https://www.gov.uk/government/policies/reducing-the-uk-s-greenhouse-gas-emissions-by-80-by-2050",
	URLYEAR = 2013,
}
	
@misc{BMUgeneralinfo,
	AUTHOR = "{German Federal Ministry for the Environment, Nature Conservation, and Nuclear Safety}",
	TITLE = "General Information-Climate Protection",
	URL = "http://www.bmu.de/en/topics/climate-energy/climate/general-information/",
	URLYEAR = 2013,
}

@misc{BMUscenarios,
	AUTHOR = "{German Federal Ministry for the Environment, Nature Conservation, and Nuclear Safety}",
	TITLE = "Scenarios provide important decision-making basis for energy concept",
	URL = "http://www.bmu.de/en/bmu/press-and-speeches/current-press-releases/pm/artikel/scenarios-provide-important-decision-making-basis-for-energy-concept-1/",
	URLYEAR = 2010,
}

@misc{BMUenergy2050,
	AUTHOR = "{German Federal Ministry for the Environment, Nature Conservation, and Nuclear Safety}",
	TITLE = "Energy Concept 2050: Milestones and Assessments",
	URL = "http://www.bmu.de/en/topics/climate-energy/transformation-of-the-energy-system/resolutions-and-measures/energy-concept-2050-milestones-long-term-development-path-for-ambitious-climate-protection-targets-energy-efficiency-and-renewables/",
	URLYEAR = 2010,
}

@misc{CPTgermany,
	AUTHOR = "{Climate Policy Tracker}",
	TITLE = "Germany",
	URL = "http://www.climatepolicytracker.eu/sites/all/files/Germany2011.pdf",
	URLYEAR = 2011,
}
	
@misc{BMUprogramme,
	AUTHOR = "{German Federal Ministry for the Environment, Nature Conservation, and Nuclear Safety}",
	TITLE = "The Integrated Energ and Climate Programme of the German Government",
	URL = "http://www.bmu.de/fileadmin/bmu-import/files/english/pdf/application/pdf/hintergrund_meseberg_en.pdf",
	URLYEAR = 2007,
}
	
@misc{Lutenegger,
	AUTHOR = "Lutenegger, Brian",
	TITLE = "Environmental and Energy Study Institute Issue Brief: China's Actions on Clean Power",
	URL = "http://files.eesi.org/IssueBrief_101112_chinacleanenergy.pdf",
	URLYEAR = 2012,
}

@misc{CHINApolicies,
	AUTHOR = "{The National Development and Reform Commission, the People's Republic of China}",
	TITLE = "China's Policies and Actions for Addressing Climate Change",
	URL = "http://qhs.ndrc.gov.cn/zcfg/W020121122588539459161.pdf",
	URLYEAR = 2012,
}

@MISC{CERACrossing,
    AUTHOR = "{Cambridge Energy Research Associates}",
    TITLE = "Crossing the Divide: The Future of Clean Energy",
	url = "http://www.precaution.org/lib/crossing_the_divide_brochure.080105.pdf",
	year = "{2007}",
}

@MISC{CTI2013,
    author = {{Carbon Tracker Institute}},
	title = {Unburnable Carbon 2013: Wasted capital and stranded assets},
	year = {2013},
	url = {http://carbontracker.live.kiln.it/Unburnable-Carbon-2-Web-Version.pdf},
}

@MISC{Guardian6Trillion,
    author = "{Leggett, J. and McKibben, Bill}",
    title = "How your pension is being used in a \$6 trillion climate gamble",
    url = {http://www.guardian.co.uk/environment/blog/2013/apr/19/pension-6-trillion-climate-gamble},
    year = {2013},
}

@MISC{EconomistUnburnable,
    author = "{The Economist}",
    title = "Unburnable fuel",
    url = "http://www.economist.com/news/business/21577097-either-governments-are-not-serious-about-climate-change-or-fossil-fuel-firms-are",
    year = {2013},
    URLYEAR = 2013,
}

@MISC{JeremyGrantham,
    author = "Hickman, Leo",
    title = "Jeremy Grantham, environmental philanthropist: 'We're trying to buy time for the world to wake up'",
    url = "http://www.guardian.co.uk/environment/2013/apr/12/jeremy-grantham-environmental-philanthropist-interview",
    year = {2013},
    URLYEAR = 2013
}

@MISC{GPCCS,
    author = "Greenpeace",
    title = "False Hope: Why carbon capture and storage wonâ€™t save the climate",
    url = "http://www.greenpeace.org/usa/Global/usa/report/2008/5/false-hope-why-carbon-capture.pdf",
    year = {2013},
    URLYEAR = 2008,
}

@MISC{SmartPlanetCCS,
    author = "Nelder, Chris",
    title = "Why carbon capture and storage will never pay off",
    url = "http://www.smartplanet.com/blog/take/why-carbon-capture-and-storage-will-never-pay-off/534",
    year = {2013},
    URLYEAR = 2013
}

@MISC{BlombergAussieWind,
    author = "{Bloomberg New Energy Finance}",
    title = "Renewable Energy Now Cheaper Than New Fossil Fuels in Australia",
    url = "http://about.bnef.com/press-releases/renewable-energy-now-cheaper-than-new-fossil-fuels-in-australia/",
    year = {2013},
    URLYEAR = 2013,
}

@misc{SmartPlanetSolar100,
    author = "Fleischfresser, Channtal",
    title = "Solar power produced 100\% of new energy on U.S. grid in March",
    url = "http://www.smartplanet.com/blog/bulletin/solar-power-produced-100-of-new-energy-on-us-grid-in-march/18083",
    year = {2013},
    URLYEAR = 2013,
}

@misc{SandPConstrained,
    author = "Redmond, Simon and Wilkins, Michael",
    title = "What A Carbon-Constrained Future Could Mean For Oil Companies' Creditworthiness",
    url = "http://www.carbontracker.org/wp-content/uploads/downloads/2013/03/SnPCT-report-on-oil-sector-carbon-constraints_Mar0420133.pdf",
    year = {2013},
}

@misc{GFFMyMoney,
    author = "{Fossil Free}",
    title = "Move My Money",
    url = "http://gofossilfree.org/mymoney/",
    year = {2013},
    URLYEAR = 2013
}

@misc{GlobalDataSolar,
    author = "GlobalData",
    title = "Grid Parity for Wind and Solar Power - Future Outlook and Impact Analysis",
    url = "http://store.globaldata.com/market-reports/alternative-energy/Grid-Parity-for-Wind-and-Solar-Power-Future-Outlook-and-Impact-Analysis",
    year = {2012},
    URLYEAR = 2013,
}

@misc{TargetAtmosphere,
    author = "Hansen, James and Sato, Makiko and Kharecha, Pushker , and Beerling, David and Masson-Delmotte, Valerie and Pagani, Mark and Raymo, Maureen and Royer, Dana L. and Zachos, James C.",
    title = "Target Atmospheric \ce{CO2}: Where Should Humanity Aim? ",
    url = "http://www.columbia.edu/~jeh1/2008/TargetCO2_20080407.pdf",
    year = {2008},
    URLYEAR = 2013,
}

@misc{WorldBank4C,
    author = "{The World Bank}",
    title = "Turn Down the Heat: Why a 4Â°C Warmer World Must be Avoided",
    url = "http://climatechange.worldbank.org/sites/default/files/Turn_Down_the_heat_Why_a_4_degree_centrigrade_warmer_world_must_be_avoided.pdf",
    year = {2012},
    URLYEAR = 2013,
}

@misc{CaseForDivestment,
    author = "McKibben, Bill",
    title = "The Case for Fossil-Fuel Divestment",
    url = "http://www.rollingstone.com/politics/news/the-case-for-fossil-fuel-divestment-20130222",
    year = {2013},
    URLYEAR = 2013
}

@misc{ClimateInteractivePersist,
    author = "Sawin, Elizabeth",
    title = "Carbon Dioxide Will Persist in the Atmosphere Long After Current Decision Makers Have Left Their Roles: On Ethical Grounds, Young People Should Have a Say",
    url = "https://climateinteractive.wordpress.com/2012/12/05/carbon-dioxide-will-persist-in-the-atmosphere-long-after-current-decision-makers-have-left-their-roles-on-ethical-grounds-young-people-should-have-a-say/",
    year = {2012},
    URLYEAR = 2013,
}

@misc{FTOvervalued,
    author = "Stern, Nicholas",
    title = "A profound contradiction at the heart of climate change policy",
    url = "http://www.ft.com/intl/cms/s/0/52f2709c-20f0-11e1-8a43-00144feabdc0.html",
    year = {2011},
    URLYEAR = 2013,
}

@misc{BusinessWeekOvervalued,
    author = "{Bloomberg Businessweek}",
    title = "Economist: Energy reserves overvalued by global markets",
    url = "http://investing.businessweek.com/research/markets/news/article.asp?docKey=600-201304201443UPI_____TOPITRAK_130454_7316-1",
    year = {2013},
    URLYEAR = 2013,
}

@book{DARACVM,
    author = "{DARA International}",
    title = "Climate Vulnerability Monitor: A Guide to the Cold Calculus of A Hot Planet",
    edition = "2nd edition",
    publisher = "DARA and the Climate Vulnerable Forum",
	url = "http://www.daraint.org/wp-content/uploads/2012/10/CVM2-Low.pdf",
    year = {2012},
    month = "September",
}

@misc{CCLatinAmerica,
    author = "{Economic Commission for Latin America and the Caribbean}",
    title = "Economics of Climate Change in Latin America and the Caribbean",
    url = "http://www.eclac.cl/publicaciones/xml/3/38133/2009-851-Summary-Economics_climate_change-WEB.pdf",
    year = {2009},
    URLYEAR = 2013,
}

%endemily

@misc{TorontoEnvOff2007,
	author = "{Toronto Environment Office}",
	title = "Climate Change, Clean Air and Sustainable Energy Action Plan",
	url = "http://www.toronto.ca/changeisintheair/pdf/clean_air_action_plan.pdf",
	year = {2007},
}

@misc{TorontoAQandCC,
	author = "{City of Toronto}",
	title = "Toronto Atmospheric Fund - Emission reduction",
	url = "http://www.toronto.ca/taf/emission_reduction.htm",
	URLYEAR = 2013,
}

@misc{UTAM_2012,
	author = "{University of Toronto Asset Management Corporation}",
	title = "Canadian Equities Above \$1 Million As at March 31, 2012",
	url = "http://www.utam.utoronto.ca/Assets/UTAM+Digital+Assets/UTAM/UTAM+Digital+Assets/reports/Canadian+Q1+2012.pdf",
	year = {2012},
}

@misc{InstitutionalPurpose,
	author = "University of Toronto Governing Council",
	title = "Statement of Institutional Purpose",
	url = "http://www.governingcouncil.utoronto.ca/policies/mission.htm",
	year = {1992},
}

@misc{CopenhagenAccord,
	author = "{The Heads of State, Heads of Government, Ministers, and other heads of delegation present at the United Nations Climate Change Conference 2009 in Copenhagen}",
	title = "Copenhagen Accord",
	url = "http://unfccc.int/resource/docs/2009/cop15/eng/l07.pdf",
	year = {2009},
}

@misc{USDTprograms,
	AUTHOR = "United States Department of Transportation",
	TITLE = "DOT Programs",
	URL = "http://climate.dot.gov/policies-legislation-programs/federal-org-directory.html",
	URLYEAR = 2013,
}

% Citations added for section 6 by Milan on 2013-MAY-15

@misc{DutchResponsible,
	author = "Sekularac, Ivana and Deutsch, Anthony",
	title = "Dutch court says Shell responsible for Nigeria spills",
	url = "http://www.reuters.com/article/2013/01/30/us-shell-nigeria-lawsuit-idUSBRE90S16X20130130",
	year = {2013},	
}

@misc{Ogoniland,
	author = "{United Nations Environment Programme}",
	title = "Environmental Assessment of Ogoniland",
	url = "http://postconflict.unep.ch/publications/OEA/UNEP_OEA.pdf",
	year = {2012},
}

@misc{ShellTrialDelayed,
	author = "Kearney, Christine",
	title = "New York trial delayed for Nigerians suing Shell",
	url = "http://uk.reuters.com/article/2009/04/06/shell-nigeria-idUKN0641522820090406?sp=true",
	year = {2009},
}

@misc{Shell15Million,
	author = "Mouawad, Jad",
	title = "Shell to Pay \$15.5 Million to Settle Nigerian Case",
	url = "http://www.nytimes.com/2009/06/09/business/global/09shell.html",
	year = "{2009}"
}

@misc{KiobelShell,
	author = "{Centre for Constitutional Rights}",
	title = "Kiobel v. Royal Dutch Petroleum Co.",
	url = "http://ccrjustice.org/ourcases/current-cases/kiobel",
	URLYEAR = "{2013}",
}

@misc{TortureComplicity,
	author = "{Radio France Internationale}",
	title = "Shell could face trial in US for alleged complicity in torture in Nigeria",
	url = "http://www.english.rfi.fr/node/138583",
	year = "{2012}",
}

@misc{OrderedFarmer,
	author = "Chazan, Guy",
	title = "Shell ordered to pay Niger Delta farmer",
	url = "http://www.ft.com/intl/cms/s/0/d30ad810-6acc-11e2-9670-00144feab49a.html",
	year = "{2013}",
}

@misc{OilSpoils,
	author = "{The Economist}",
	title = "Oil spoils",
	url = "http://www.economist.com/node/21525963",
	year = "{2011}",
}
	
@misc{MixedVerdict,
	author = "{The Economist}",
	title = "A mixed verdict",
	url = "http://www.economist.com/blogs/baobab/2013/02/shell-and-nigeria",
	year = "{2013}",
}

@misc{AlbertaEnergy,
	author = "{AlbertaEnergy}",
	title = "Facts and Statistics",
	url = "http://www.energy.alberta.ca/oilsands/791.asp",
	urlyear = "{2013}",
}

@misc{FNSues,
	author = "{CTV Calgary}",
	title = "First Nation sues Shell",
	url = "http://calgary.ctvnews.ca/first-nation-sues-shell-1.733736",
	year = "{2011}",
}

@misc{CivilAndPolitical,
	author = "{United Nations General Assembly}",
	title = "International Covenant on Civil and Political Rights, G.A. res. 2200A (XXI), 21 U.N. GAOR Supp. (No. 16) at 52, U.N. Doc. A/6316 (1966), 999 U.N.T.S. 171",
	url = "http://www1.umn.edu/humanrts/instree/b3ccpr.htm",
	year = "{1976}",
}

@misc{ShellIndex,
	author = "Reuters",
	title = "Shell to scrap bonus link to sustainability index",
	url = "http://www.reuters.com/article/2011/03/07/shell-idAFLDE7261PQ20110307",
	year = "{2011}",
}

@misc{Wadhams2012,
	author = "Vidal, John",
	title = "Arctic expert predicts final collapse of sea ice within four years",
	url = "http://www.guardian.co.uk/environment/2012/sep/17/arctic-collapse-sea-ice",
	year = "{2012}"
}

@misc{ShellSuspends,
	author = "Broder, John M.",
	title = "With 2 Ships Damaged, Shell Suspends Arctic Drilling",
	url = "http://www.nytimes.com/2013/02/28/business/energy-environment/shell-suspends-arctic-drilling-for-2013.html?_r=0",
	year = "{2013}",
}

@misc{RigFindings,
	author = "Cockerham, Sean",
	title = "Coast Guard: Shell Arctic rig findings turned over to Justice Dept.",
	url = "http://www.adn.com/2013/02/22/2798607/coast-guard-finds-violations-on.html",
	year = "{2013}",
}

% Citations added by Milan after 25-May-2013

@misc{CanadaCarbonLiabilities,
	author = "Lee, Marc and Ellis, Brock",
	title = "Canada's Carbon Liabilities: The Implications of Stranded Fossil Fuel Assets for Financial Markets and Pension Funds",
	url = "http://www.policyalternatives.ca/publications/reports/canadas-carbon-liabilities",
	year = "{2013}",
}

@misc{Stern2008,
	author = "Adam, David",
	title = "I underestimated the threat, says Stern",
	url = "http://www.guardian.co.uk/environment/2008/apr/18/climatechange.carbonemissions",
	year = "{2008}",
}

@misc{ShellArcticOilRush,
	author = "Gemmill, Faith",
	title = "Shell and the Arctic Oil Rush",
	url = "http://climate-connections.org/2013/05/24/shell-and-the-arctic-oil-rush/",
	year = "{2013}",
}

@misc{OntarioCCandAg,
	author = "{Ontario Ministry of Agriculture and Food}",
	title = "Climate Change and Agriculture",
	url = "http://www.omafra.gov.on.ca/english/engineer/facts/climatechange.htm".
	urlyear = "{2013}",
}

@misc{Amiraslany2010,
	author = "Amiraslany, Afshin",
	title = "The impact of climate change on Canadian agriculture : a Ricardian approach",
	url = "http://ecommons.usask.ca/handle/10388/etd-05252010-102012",
	year = "{2010}",
}

@article{IsikDevadoss2006,
	author = "Isik, Murat and Devadoss, Stephen",
	title = "An analysis of the impact of climate change on crop yields and yield variability",
	journal = "{Applied Economics}",
	volume = {38},
	issue = {7},
	year = {2006},
	pages = {835-44},
	url = "http://www.tandfonline.com/doi/abs/10.1080/00036840500193682#.UaFBDWT7284",
}

@misc{Malcolm2012,
	author = "Malcolm, Scott and Marshall, Elizabeth and Aillery, Marcel and Heisey, Paul and Livingston, Michael and  Day-Rubenstein, Kelly",
	title = "Agricultural Adaptation to a Changing Climate: Economic and Environmental Implications Vary by U.S. Region",
	url = "http://www.ers.usda.gov/media/848748/err136.pdf",
	year = "{2012}",
}	

@misc{NOAAteleconf2013,
	author = "{National Oceanic and Atmospheric Administration}",
	title = "NOAA Monthly Climate Teleconference: February 2013",
	url = "http://www.noaanews.noaa.gov/advisories/20130219-advisory-climatewebinar.html",
	year = "{2013}",
}

@incollection{Koshida2005,
	author = "Koshida, Grace and Alden, Marianne and Cohen, Stuart and Halliday, Robert and Mortsch, Linda and Wittrock, Virginia and Maarouf, Abdel",
	title = "Drought Risk Management in Canada-U.S. Transboundary Watersheds: Now and in the Future. Drought and Water Crises: Science, Technology, and Management Issues",
	editor = "Wilhite, Donald A. ",
	booktitle = "Drought and Water Crises: Science, Technology, and Management Issues",
	publisher = "CRC Press",
	year = "{2005}",
}

@misc{Farming2050,
	author = "Nelson, Gerald C. and Rosegrant, Mark W. and Palazzo, Amanda and Gray, Ian and Ingersoll, Christina and Robertson, Richard and Tokgoz, Simla and Zhu, Tingju and Sulser, Timothy B. and Ringler, Claudia and Msangi, Siwa and You, Liangzhi",
	title = "Food Security, Farming, and Climate Change to 2050: Scenarios, Results, Policy Options",
	url = "http://www.ifpri.org/sites/default/files/publications/rr172.pdf",
	year = {2010},
}

@misc{Lemmen2010,
	editor = "Lemmen, Donald S. and Warren, Fiona J.",
	title = "Climate Change	Impacts and Adaptation:	A Canadian Perspective",
	url = "http://www.nrcan.gc.ca/sites/www.nrcan.gc.ca.earth-sciences/files/pdf/perspective/pdf/report_e.pdf",
	year = {2010},
}

@misc{ImpToAda,
	author = "{Natural Resources Canada}",
	title = "From Impacts to Adaptation: Canada in a Changing Climate 2007",
	url = "http://www.nrcan.gc.ca/sites/www.nrcan.gc.ca.earth-sciences/files/pdf/assess/2007/pdf/full-complet_e.pdf",
	year = "{2007}",
}

@misc{PercyRisingTide,
	author = "Percy, Jon",
	title = "A Rising Tide of Change",
	url = "http://www.elements.nb.ca/theme/climate07/jon/jon.htm",
	year = "{2007}",
}

@misc{IPCCHurricane,
	author = "{Intergovernmental Panel on Climate Change}",
	title = "Has there been a Change in Extreme Events like Heat Waves, Droughts, Floods and Hurricanes?",
	url = "https://www.ipcc.ch/publications_and_data/ar4/wg1/en/faq-3-3.html",
	year = "{2007}",
}

@article{Knutson2004,
	author = "Knutson, Thomas and Tuleya, Robert",
	title = "Impact of \ce{CO2} - Induced Warming on Simulated Hurricane Intensity and Precipitation: Sensitivity to the Choice of Climate Model and Convective Parameterization",
	journal = "Journal of Climate",
	year = "{2004}",
	volume = {17},
	number = {18},
	url = "http://www.gfdl.noaa.gov/bibliography/related_files/tk0401.pdf",
}

@misc{NRTEEPrice,
	author = "{National Round Table on Energy and the Environment}",
	title = "Paying the Price: The Economic Impacts of Climate Change for Canada",
	url = "http://collectionscanada.gc.ca/webarchives2/20130322143132/http://nrtee-trnee.ca/wp-content/uploads/2011/09/paying-the-price.pdf",
	year = "{2011}",
}

@misc{TellingWeatherStory,
	author = "{The Institute for Catastrophic Loss Reduction}",
	title = "Telling the Weather Story",
	url = "http://www.ibc.ca/en/natural_disasters/documents/mcbean_report.pdf"
	year = "{2012}",
}

@misc{ClimateRiskInsurers,
	author = "Leurig, Sharlene",
	title = "Climate Risk Disclosure By Insurers: Evaluating Insurer Responses to the NAIC Climate Disclosure Survey",
	url = "http://www.ceres.org/resources/reports/naic-climate-disclosure",
	year = "{2011}",
}

% Sources added by Milan 26-May-2013

@misc{WHOClimateHealth,
	author = "{World Health Organization}",
	title = "Climate and health: Fact sheet, July 2005",
	url = "http://www.who.int/globalchange/publications/factsheets/fsclimandhealth/en/index.html",
	year = "{2005}",
}

@misc{WHOGlobalHealthRisks,
	author = "{World Health Organization}",
	title = "Global health risks: Mortality and Burden of Disease Attributable to Selected Major Risks",
	url = "http://www.who.int/healthinfo/global_burden_disease/GlobalHealthRisks_report_full.pdf",
	year = "{2009}",
}

@misc{HHInACC,
	author = "{Health Canada}",
	title = "Human Health in a Changing Climate: A Canadian Assessment of Vulnerabilities and Adaptive Capacity",
	url = "http://www.2degreesc.com/Files/CCandHealth.pdf",
	year = "{2008}",
}

@misc{TailingsLeaking,
	author = "De Souza, Mike",
	title = "Oilsands tailings leaking into groundwater, Joe Oliver told in memo",
	url = "http://o.canada.com/2013/02/17/oilsands-tailings-leaking-into-groundwater-joe-oliver-told-in-memo/",
	year = "{2013}",
}

@book{MacKay2009,
	author = "MacKay, David",
	title = "Sustainable Energy â€“ without the hot air",
	year = "{2009}",
	url = "http://withouthotair.com/",
}

@misc{TerrifyingNewMath,
	author = "McKibben, Bill",
	title = "Global Warming's Terrifying New Math",
	url = "http://www.rollingstone.com/politics/news/global-warmings-terrifying-new-math-20120719",
	year = "{2012}",
}

@misc{HotBackyard,
	author = "{This American Life}",
	title = "Hot In My Backyard",
	url = "http://www.thisamericanlife.org/radio-archives/episode/495/hot-in-my-backyard",
	year = "{2013}",
}

@misc{DistinguishedLecturer,
	author = "{University of Toronto Centre for Global Change Science}",
	title = "Distinguished Lecturer Series (2012-13)",
	url = "http://www.cgcs.utoronto.ca/Series/Lecture_Series.htm",
	year = "{2012}",
}

@misc{RobbingCarbonBank,
	author = "{ForestEthics}",
	title = "Robbing the Carbon Bank: Global Warming \& Ontario's Boreal Forest",
	url = "http://www.borealbirds.org/resources/report-fe-robbingthecarbonbank.pdf",
	year = "{2007}",
}

% Sources added by Milan on 2013-05-27

@misc{FramingFuture,
	author = "{National Round Table on Energy and the Environment}",
	title = "Framing the Future: Embracing the Low-Carbon Economy",
	url = "http://collectionscanada.gc.ca/webarchives2/20130322185857/http://nrtee-trnee.ca/wp-content/uploads/2012/10/framing-the-future-report-eng.pdf",
	year = "{2012}",
}

% Sources added by Milan on 2013-06-02

@miscP{OntarioPledge,
	author = "{Algoma University, Brock University, Carleton University, the University of Guelph, Lakehead University, Laurentian University, McMaster University, Nipissing University, the University of Ontario Institute of Technology, the University of Ottawa, Queen's University, Ryerson University, the University of Toronto (President David Naylor), Trent University, the University of Waterloo, the University of Western Ontario, Wildred Laurier University, the University of Windsor, York University, the Ontario College of Art \& Design, and the Royal Military College of Canada}",
	title = "Ontario Universities Committed to a Greener World",
	url = "http://sustainability.utoronto.ca/Assets/Sustainability+Digital+Assets/commitment.pdf",
	year = "{2009}",
}

@misc{SocialStress,
	author = "Steinbruner, John D. and Stern, Paul C. and Husbands, Jo L.",
	title = "Climate and Social Stress: Implications for Security Analysis",
	url = "http://www.nap.edu/catalog.php?record_id=14682",
	year = "{2012}",
}

@book{Craven,
	author = "Craven, Greg",
	publisher = "Perigee Trade",
	title = "What's the Worst That Could Happen?: A Rational Response to the Climate Change Debate",
	year = "{2009}"
}

@misc{AbruptCCScenario,
	author = "Schwartz, Peter and Randall, Doug",
	title = "An Abrupt Climate Change Scenario and Its Implications for United States National Security",
	url = "http://www.climate.org/PDF/clim_change_scenario.pdf",
	year = "{2003}",
}

@misc{NationalSecurityCC,
	author = "{Center for Naval Analyses}",
	title = "National Security and the Threat of Climate Change",
	url = "http://www.cna.org/sites/default/files/news/FlipBooks/Climate%20Change%20web/flipviewerxpress.html",
	year = "{2007}",
}

@misc{AgeOfConsequences,
	author = "{Center for Strategic and International Studies and the Center for a New American Security}",
	title = "The Age of Consequences: The Foreign Policy and National Security Implications of Global Climate Change",
	url = "http://csis.org/files/media/csis/pubs/071105_ageofconsequences.pdf",
	year = "{2007}",
}

% Sources added by Stu on 2013-06-05

@misc{GCBLX,
	author  = "{Fidelity Investments}",
	title   = "GCBLX Summary - Green Century Balanced Fund",
	url     = "https://fundresearch.fidelity.com/mutual-funds/summary/392768107",
	year    = {2013},
	URLYEAR = 2013
}

@misc{PORTX,
	author  = "{Fidelity Investments}",
	title   = "PORTX Summary - Portfolio 21 Global Equity Fund Class R",
	url     = "https://fundresearch.fidelity.com/mutual-funds/summary/742935588",
	year    = {2013},
	URLYEAR = 2013
}

@misc{NEXTX,
	author  = "{Fidelity Investments}",
	title   = "NEXTX Summary - Shelton Green Alpha",
	url     = "https://fundresearch.fidelity.com/mutual-funds/summary/82301Q692",
	year    = {2013},
	URLYEAR = 2013 
}

@misc{FossilFreeInvesting,
	author  = "Humphreys, Joshua",
	title   = "Institutional Pathways to Fossil-Free Investing",
	url     = "http://gofossilfree.org/files/2013/05/Institutional-Pathways-to-Fossil-Free-Investing1.pdf",
	year    = {2013},
	URLYEAR = 2013 
}

@misc{UNEPFinanceInit,
	author = "{United Nations Environment Programme}",
	title   = "A legal framework for the integration of environmental, social and governance issues into institutional investment",
	url     = "http://www.unepfi.org/fileadmin/documents/freshfields_legal_resp_20051123.pdf",
	year    = {2005},
	URLYEAR = 2013 
}

@misc{MITContraints,
	author  = "Chan, Gabriel and Reilly, John M. and Paltsev, Sergey and Chen, Y.-H. Henry",
	title   = "Canadaâ€™s Bitumen Industry Under \ce{CO2} Constraints",
	url     = "http://globalchange.mit.edu/files/document/MITJPSPGC_Rpt183.pdf",
	year    = {2010},
	URLYEAR = 2013, 
}

% Sources added by Milan 2013-06-08

@misc{McKinseyCurve,
	author = "{McKinsey \& Company}",
	title = "Impact of the Financial Crisis on Carbon Economics: Version 2.1 of the Global Greenhouse Gas Abatement Cost Curve",
	url = "http://www.mckinsey.com/client_service/sustainability/latest_thinking/greenhouse_gas_abatement_cost_curves",
	year = "2010",
}

@misc{WarrenBiodiversity,
	author = "Warren, R. and VanDerWal, J. and Price, J. and Welbergen, J. A. and Atkinson, I. and Ramirez-Villegas, J. and Osborn, T. J. and Jarvis, A. and Shoo, L. P. and  Williams, S. E. and Lowe, J.",
	title = "Quantifying the benefit of early climate change mitigation in avoiding biodiversity loss",
	url = "http://www.nature.com/nclimate/journal/vaop/ncurrent/full/nclimate1887.html",
	year = "{2012}",
}

@misc{IUCNSalmon,
	author = "{International Union for Conservation of Nature}",
	title = "Salmon and Climate Change: Fish in Hot Water",
	url = "http://www.wildsalmoncenter.org/pdf/salmon_and_climate_change.pdf",
	year = "{2009}",
}

@misc{IUCNMorePolarBear,
	author = "{International Union for Conservation of Nature}",
	title = "Species and Climate Change: More than Just the Polar Bear",
	url = "http://cmsdata.iucn.org/downloads/species_and_climate_change.pdf",
	year = "{2009}",
}

@misc{ACIA2004,
	author = "{International Arctic Science Committee}",
	title = "Arctic Climate Impact Assessment",
	url = "http://amap.no/acia/",
	year = "{2004}"
}

@article{CCInuitCommunities,
	author = "Ford, James D. and Smit, Barry and Wandel, Johanna and Allurut, Mishak and Shappa, Kik and Itusarjuat, Harry and Qrunnut, Kegin",
	title = "Climate change in the Arctic: current and future vulnerability in two Inuit communities in Canada",
	journal = "{The Geographical Journal}",
	volume = {174},
	number = {1},
	month = "March",
	year = "{2008}",
	url = "http://www.uoguelph.ca/gecg/images/userimages/Ford%20et%20al.%20(2008)_The%20Geographic%20Journal.pdf",
}

@misc{GHGPollutionToronto,
	author = "{ICF International}",
	title = "Greenhouse Gases and Air Pollutants in the City of Toronto: Toward a Harmonized Strategy for Reducing Emissions",
	url = "http://www.toronto.ca/taf/pdf/ghginventory_jun07.pdf",
	year = "{2007}",
}

@misc{CCAHealthEquity,
	author = "{The Clean Air Partnership}",
	title = "Climate Change Adaptation and Health Equity: Background Report",
	url = "http://www.toronto.ca/health/hphe/air_quality/pdf/climate_change_health_equity.pdf",
	year = "{2009},"
}

@misc{TorontoAheadStorm,
	author = "{Toronto Environment Office}",
	title = "Ahead of the Storm: Preparing Toronto for Climate Change",
	url = "http://www.toronto.ca/teo/pdf/ahead_of_the_storm.pdf",
	year = "{2008}",
}

@misc{ScanCCToronto,
	author = "{The Clean Air Partnership}",
	title = "A Scan of Climate Change Impacts on Toronto",
	url = "http://www.cleanairpartnership.org/pdf/climate_change_scan.pdf",
	year = "{2006}",
}

@misc{AdaptPrioritiesCanada,
	author = "Feltmate, Blair and Thistlewaite, Jason",
	title = "Climate Change Adaptation: A Priorities Plan for Canada",
	url = "https://uwaterloo.ca/environment/sites/ca.environment/files/uploads/files/CCAP-Report-30May-Final.pdf",
	year = "{2012}",
}

@misc{MacLeodAdaptation,
	author = "MacLeod, David",
	title = "Adaptation to a Changing Climate: City Infrastructure Preparedness",
	url = "http://www.fcm.ca/Documents/presentations/2011/webinars/Adaptation_to_a_Changing_Climate_EN.pdf",
	year = "{2011}",
}

@article{FreezingRain2007,
	author = "Cheng, C. S. and Auld, H. and Li, G. and Klaassen, J. and Li, Q.",
	title = "Possible impacts of climate change on freezing rain in south-central Canada using downscaled future climate scenarios",
	journal = "{Natural Hazards and Earth System Sciences}",
	number = {7},
	year = "{2007}",
	url = "http://www.nat-hazards-earth-syst-sci.net/7/71/2007/nhess-7-71-2007.html",
}

@article{EbiHealthJustice,
	author = "Ebi, Kristie",
	title = "Facilitating Climate Justice through Community-Based Adaptation in the Health Sector",
	journal = "{Environmental Justice}",
	volume = {2},
	issue = {4},
	month = "December",
	year = "{2009}",
	url = "http://online.liebertpub.com/doi/abs/10.1089/env.2009.0031",
}

@misc{HotWeatherResponse2006,
	author = "McKeown, David",
	title = "Hot Weather Response Plan - Update",
	url = "http://www.toronto.ca/health/hphe/pdf/boh_hot_weather.pdf",
	year = "{2006}",
}

@article{MarmotHealthOutcomes,
	author = "Marmot, Michael",
	title = "Achieving health equity: from root causes to fair outcomes",
	journal = "{The Lancet}",
	volume = {370},
	issue = {9593},
	month = "September",
	year = "{2007}",
	url = "http://www.thelancet.com/journals/lancet/article/PIIS0140-6736(07)61385-3/abstract",
}

@misc{ReducingHealthDisparities,
	author = "{Public Health Agency of Canada}",
	title = "Reducing Health Disparities - Roles of the Health Sector: Discussion Paper",
	url = "http://www.phac-aspc.gc.ca/ph-sp/disparities/ddp-eng.php",
	year = "{2004}",
}

@misc{HealthCanadaPreparingImpacts,
	author = "{Health Canada}",
	title = "Climate Change: Preparing for the Health Impacts",
	url = "http://www.hc-sc.gc.ca/sr-sr/pubs/hpr-rpms/bull/2005-climat/index-eng.php",
	year = "{2005}",
}

@misc{DemoProjections2012,
	author = "{Ontario Ministry of Finance}",
	title = "Ontario Population Projections Update: 2011 â€“ 2036",
	url = "http://www.fin.gov.on.ca/en/economy/demographics/projections/",
	year = "{2012}",
}

@misc{2006TorontoProfile,
	author = "{Statistics Canada}",
	title = "Aboriginal Profile for the City of Toronto",
	url = "http://www.toronto.ca/children/bs/aboriginal_profile.pdf",
	year = "{2006}",
}

@misc{SeniorsDemographicSnapshot,
	author = "{City of Toronto Social Development, Finance and Administration Division}",
	title = "Toronto Seniors Demographic Snapshot 2006",
	url = "http://www.toronto.ca/demographics/pdf/seniors_pres_2006_census_nov08.pdf",
	year = "{2006}",
}

@misc{LowIncomeProfile,
	author = "{City of Toronto Social Development, Finance and Administration Division}",
	title = "Profile of Low Income in the City of Toronto",
	url = "http://www.toronto.ca/demographics/pdf/poverty_profile_2010.pdf",
	year = "{2010}",
}

@misc{PovertyMakingSick,
	author = "Lightman, Ernie and Mitchell, Andrew and Wilson, Beth",
	title = "Poverty is making us sick: A comprehensive survey of income and health in Canada",
	url = "http://wellesleyinstitute.com/files/povertyismakingussick.pdf",
	year = "{2008}",
}

@misc{PovertyInequalityHealth,
	author = "Raphael, Dennis",
	title = "Poverty, Income Inequality, and Health in Canada",
	url = "http://www.povertyandhumanrights.org/docs/incomeHealth.pdf",
	year = "{2002}",
}

@misc{HomelessnessWaterloo,
	author = "Wandel, Johanna and Riemer, Manuel and de Gomez, Wendy and Klein, K. and de Schutter, J. and Randall, L. and Morrison, M. and Poirer, S. and Singleton, C.",
	title = "Homelessness and Global Climate Change in Waterloo Region: Are We Ready?",
	url = "http://www.homelesshub.ca/library/homelessness-and-global-climate-change-in-waterloo-region-are-we-ready-53859.aspx",
	year = "{2010}",
}

@misc{ExpertPanelAdapting2009,
	author = "{Expert Panel on Climate Change Adaptation}",
	title = "Adapting to Climate Change in Ontario",
	url = "http://www.ene.gov.on.ca/stdprodconsume/groups/lr/@ene/@resources/documents/resource/std01_079212.pdf",
	year = "{2009}",
}

@misc{20082009ActionPlan,
	author = "{Government of Ontario}",
	title = "Annual Report 2008-09: Climate Change Action Plan",
	url = "http://www.ene.gov.on.ca/stdprodconsume/groups/lr/@ene/@resources/documents/resource/std01_079210.pdf",
	year = "{2009}",
}

@misc{IPCCar4_syr,
	author = "{Intergovernmental Panel on Climate Change}",
	title = "Climate Change 2007: Synthesis Report",
	url = "http://www.ipcc.ch/pdf/assessment-report/ar4/syr/ar4_syr.pdf",
	year = "{2007}",
}

@misc{NRCANImpactsAdapt,
	author = "{Natural Resources Canada}",
	title = "Climate Change Impacts and Adaptation: A Canadian Perspective",
	url = "http://www.nrcan.gc.ca/sites/www.nrcan.gc.ca.earth-sciences/files/pdf/perspective/pdf/report_e.pdf",
	year = "{2004}",
}

@misc{MunichRECatast,
	author = "{Munich RE}",
	title = "Overall picture of natural catastrophes in 2010 â€“ Very severe earthquakes and many severe weather events",
	url = "http://www.munichre.com/en/media_relations/press_releases/2011/2011_01_03_press_release.aspx",
	year = "{2011}",
}

@misc{ECImpactsOfCC,
	author = "{Environment Canada}",
	title = "Impacts of Climate Change",
	url = "http://www.climatechange.gc.ca/default.asp?lang=En&n=036D9756-1",
	urlyear = "{2013}",
}

@article{DoreDisaster,
	author = "Dore, Mohammed",
	title = "Forecasting the Conditional Probabilities of Natural Disasters in Canada as a Guide for Disaster Preparedness",
	journal = "{Natural Hazards}",
	volume = {28},
	month = "March",
	year = "{2003}",
	url = "http://link.springer.com/article/10.1023%2FA%3A1022978024522",
}

@misc{WHOCCandHealth2012,
	author = "{World Health Organization}",
	title = "Climate change and health",
	url = "http://www.who.int/mediacentre/factsheets/fs266/en/",
	year = "{2012}",
}

@article{Costello2009,
	author = "Costello, Anthony and Abbas, Mustafa and Allen, Adriana and Ball, Sarah and Bell, Sarah and Bellamy, Richard and Friel, Sharon and Groce, Nora and Johnson, Anne and Kett, Maria and Lee, Maria and Levy, Caren and Maslin, Mark and McCoy, David and McGuire, Bill and Montgomery, Hugh and Napier, David and Pagel, Christina and Patel, Jinesh and de Oliveira, Jose Antonio Puppim and Redclift, Nanneke and Rees, Hannah and Rogger, Daniel and Scott, Joanne and Stephenson, Judith and Twigg, John and Wolff, Jonathan and Patterson, Craig",
	title = "Managing the health effects of climate change",
	journal = "{The Lancet}",
	month = "May",
	year = "{2009}",
	url = "http://www.thelancet.com/journals/lancet/article/PIIS0140-6736%2809%2960935-1/fulltext",
}

@misc{WHOSocialDeterm,
	author = "{World Health Organization}",
	title = "Closing the gap in a generation: Health equity through action on the social determinants of health",
	url = "http://www.who.int/social_determinants/thecommission/finalreport/en/index.html",
	year = "{2008}",
}

@article{VulAborig2009,
	author = "Ford, James and Berrang-Ford, Lea and King, Malcolm and Furgal, Chris",
	title = "Vulnerability of Aboriginal health systems in Canada to climate change",
	journal = "{Global Environmental Change}",
	month = "May",
	year = "{2010}",
	url = "http://www.jamesford.ca/wp-content/uploads/2010/06/in-press-version.pdf",
}

@misc{Toronto2013GHGmemo,
	author = "{City of Toronto}",
	title = "Summary of Toronto's 2011 Greenhouse Gas and Air Quality Pollutant Emissions Inventory",
	url = "http://www.toronto.ca/legdocs/mmis/2013/pe/bgrd/backgroundfile-57187.pdf",
	year = "{2013}",
}

@misc{TStarSellOff,
	author = "Girard, Daniel",
	title = "U of T to sell off its tobacco holdings",
	url = "http://www.thestar.com/news/2007/04/10/u_of_t_to_sell_off_its_tobacco_holdings.html",
	year = "{2007}",
}

@article{OilIndustryVanDenHove,
	author = "van den Hove, Sybille and Le Menestrel, Marc and de Bettignies, Henri-Claude",
	title = "The oil industry and climate change: strategies and ethical dilemmas",
	journal = "{Climate Policy}",
	volume = {2},
	issue = {1},
	month = "May",
	year = "{2002}",
	url = "https://www.sciencedirect.com/science/article/pii/S1469306202000086",
}

@misc{UTEnvProtectionPolicy,
	author = "{University of Toronto Governing Council}",
	title = "University Environmental Protection Policy",
	url = "http://www.governingcouncil.utoronto.ca/policies/enviro.htm",
	year = "{2010}",
}

@misc{UCSB2013,
	author = "{University of California Santa Barbara Environmental Affairs Board}",
	title = "UCSB Faculty Senate Votes in Favor of Fossil Fuel Divestment",
	url = "http://eab.as.ucsb.edu/2013/06/03/ucsb-faculty-senate-votes-in-favor-of-fossil-fuel-divestment/",
	year = "{2013}",
}

@misc{BPArcticBillion,
	author = "{The Wall Street Journal}",
	title = "BP Plans $1 Billion in New Spending on Alaska",
	url = "http://online.wsj.com/article/SB10001424127887324063304578523302286297478.html",
	year = "{2013}",
}

@misc{DOE22to36,
	author = "Plumer, Brad",
	title = "An obscure new rule on microwaves can tell us a lot about Obamaâ€™s climate policies",
	url = "http://www.washingtonpost.com/blogs/wonkblog/wp/2013/06/05/what-an-obscure-microwave-rule-says-about-obamas-climate-plans/",
	year = "{2013}",
}

@misc{WHStrengthened,
	author = "Henn, Jamie",
	title = "The White House Just Strengthened the Case for Fossil Fuel Divestment",
	url = "http://www.huffingtonpost.com/jamie-henn/fossil-fuel-divestment_b_3394142.html",
	year = "{2013}",
}

@misc{DEFRAShadowCost,
	author = "Price, Richard and Thornton, Simeon and Nelson, Stephen",
	title = "The Social Cost of Carbon and the Shadow Price of Carbon: What they are, and how to use them in economic appraisal in the UK",
	url = "http://archive.defra.gov.uk/evidence/series/documents/shadowpriceofcarbondec-0712.pdf",
	year = "{2007}",
}

@misc{HansenPaleo,
	author = "Hansen, James and Sato, Makiko",
	title = "Paleoclimate Implications for Human-Made Climate Change",
	url = "http://www.columbia.edu/~jeh1/mailings/2011/20110118_MilankovicPaper.pdf",
	year = "{2012}",
}

@misc{PacificChiefWorry,
	author = "Bender, Bryan",
	title = "Chief of US Pacific forces calls climate biggest worry",
	url = "http://www.bostonglobe.com/news/nation/2013/03/09/admiral-samuel-locklear-commander-pacific-forces-warns-that-climate-change-top-threat/BHdPVCLrWEMxRe9IXJZcHL/story.html",
	year = "{2013}",
}

@misc{BureaucratsUrged,
	author = "De Soza, Mike",
	title = "Bureaucrats urged Kent to take global warming seriously",
	url = "http://www.sierraclub.ca/en/climate-change/in-the-news/bureaucrats-urged-kent-take-global-warming-seriously",
	year = "{2011}",
}

@article{27declinecoral,
	author = "De'ath, Glenn and Fabricius, Katharina E. and Sweatman, Hugh and Puotinen, Marji",
	title = "The 27â€“year decline of coral cover on the Great Barrier Reef and its causes",
	journal = "Proceedings of the National Academy of Sciences",
	month = "October",
	year = "{2012}",
	url = "http://www.pnas.org/content/early/2012/09/25/1208909109",
}

@misc{NOAACoral,
	author  = "{National Oceanic and Atmospheric Administration}",
	title = "Heat Stress to Caribbean Corals in 2005 Worst on Record",
	url = "http://www.noaanews.noaa.gov/stories2010/20101115_coralbleaching.html",
	year = "{2010}",
}

@article{CaribbeanCorals,
	author = "Eakin, C. Mark and Morgan, Jessica A. and Heron, Scott F. and Smith, Tyler B. and Liu, Gang and Alvarez-Filip, Lorenzo and Baca, Bart and Bartels, Erich and Bastidas, Carolina and Bouchon, Claude and Brandt, Marilyn and Bruckner, Andrew W. and Bunkley-Williams, Lucy and Cameron, Andrew and Causey, Billy D. and Chiappone, Mark and Christensen, Tyler R. L. and Crabbe, M. James C and Day, Owen and de la Guardia, Elena and Diaz-Pulido, Guillermo and DiResta, Daniel and Gil-Agudelo, Diego L. and Gilliam, David S. and Ginsburg, Robert N. and Gore, Shannon and Guzman, Hector M. and Hendee, James C. and Hernandez-Delgado, Edwin A. and Husain, Ellen and Jeffrey, Christopher F. G. and Jones, Ross J. and Jordan-Dahlgren, Eric and Kaufman, Les S. and Kline, David I. and Kramer, Philip A. and Lang, Judith C. and Lirman, Diego and Mallela, Jennie and Manfrino, Carrie and Marechal, Jean-Philippe and Marks, Ken and Mihaly, Jennifer and Miller, W. Jeff and Mueller, Erich M. and Muller, Erinn M. and Toro, Carlos A. Orozco and Oxenford, Hazel A. and Ponce-Taylor, Daniel and Quinn, Norman and Ritchie, Kim B. and Rodriguez, Sebastian and Ramirez, Alberto Rodriguez and Romano, Sandra and Samhouri, Jameal F. and Sanchez, Juan A. and Schmahl, George P. and Shank, Burton V. and Skirving, William J. and Steiner, Sascha C. C. and Villamizar, Estrella and Walsh, Sheila M. and Walter, Cory and Weil, Ernesto and Williams, Ernest H. and Roberson, Kimberly Woody and Yusuf, Yusri",
	title = "Caribbean Corals in Crisis: Record Thermal Stress, Bleaching, and Mortality in 2005",
	journal = "PLOS One",
	year = "{2010}",
	url = "http://www.plosone.org/article/info%3Adoi%2F10.1371%2Fjournal.pone.0013969",
}

% Sources added by Milan 2013-06-11

@misc{IEA2012factsheet,
	author = {International Energy Agency},
	title = "World Energy Outlook 2012 Factsheet",
	url = "http://www.worldenergyoutlook.org/media/weowebsite/2012/factsheets.pdf",
	year = "{2012}",
}

@misc{ConcernedScientistsJobs,
	author = "{Union of Concerned Scientists}",
	title = "Clean Energy, Green Jobs",
	url = "http://www.ucsusa.org/clean_energy/smart-energy-solutions/increase-renewables/clean-energy-green-jobs.html",
	year = "{2009}",
}

@misc{CSBenefitsRenewable,
	author = "{Union of Concerned Scientists}",
	title = "Benefits of Renewable Energy Use",
	url = "http://www.ucsusa.org/clean_energy/our-energy-choices/renewable-energy/public-benefits-of-renewable.html",
	urlyear = "{2013}",
}

@misc{ThreatenGrowth,
	author = "De Souza, Mike",
	title = "Global climate efforts threaten oilsands growth, memo told Natural Resources Minister Joe Oliver",
	url = "http://www.canada.com/business/Global+climate+efforts+threaten+oilsands+growth+memo+told+Natural+Resources+Minister+Oliver/8202635/story.html",
	year = "{2013}",
}

@misc{ILOConv169,
	author = "{International Labout Organization}",
	title = "Convention No. 169",
	url = "http://www.ilo.org/indigenous/Conventions/no169/lang--en/index.htm",
	year = "{1989}",
}

@misc{CreeNationOilsands,
	author = "Pratt, Sheila",
	title = "Appeal court paves way for Cree nation's oilsands case to go to trial",
	url = "http://www.edmontonjournal.com/business/Appeal+court+paves+Cree+nation+oilsands+case+trial/8477719/story.html",
	year = "{2013}",
}

@misc{BandWinsTreatyRights,
	author = "Tait, Carrie and Cryderman, Kelly",
	title = "Alberta First Nations band wins right to trial over oil sands' effect on treaty rights",
	url = "http://www.theglobeandmail.com/report-on-business/industry-news/energy-and-resources/alberta-first-nations-band-wins-right-to-trial-over-oil-sands-effect-on-treaty-rights/article12353571/",
	year = "{2013}",
}

@misc{G8plusJointStatement,
	author = "{Academia Brasileira de Ciencias, Brazil; Royal Society of Canada, Canada; Chinese Academy of Sciences, CHina, Academie des Sciences, France; Deutsche Akademie der Naturforsher Leopoldina, Germany; Indian National Science Academy, India; Accademia Nazionale dei Lincei, Italy; Science Council of Japan, Japan; Academia Mexicana de Ciencias, Mexico; Russian Academy of Sciences, Russia; Academy of Science of South Africa, South Africa; Royal Society, United Kingdom; National Academy of Sciences, United States of America}",
	title = "G8+5 Academies' joint statement: Climate change and the transformation of energy technologies for a low carbon future",
	url = "http://www.nationalacademies.org/includes/G8+5energy-climate09.pdf",
	year = "{2009}",
}

@misc{StudentsClamoring,
	author = "Twomey, Matt",
	title = "Students Are Clamoring for Fossil Fuel Divestment",
	url = "http://www.cnbc.com/id/100788907",
	year = "{2013}",
}

@misc{WorldBankCarbonPricing,
	author = "{The World Bank}",
	title = "Mapping carbon pricing initiatives : developments and prospects",
	url = "http://documents.worldbank.org/curated/en/2013/05/17751166/mapping-carbon-pricing-initiatives-developments-prospects",
	year = "{2013}",
}

@misc{WoesReverse,
	author = "Schuetze, Christopher",
	title = "Environmental Woes Could Reverse Global Development",
	url = "http://rendezvous.blogs.nytimes.com/2013/03/18/environmental-woes-could-reverse-global-development/",
	year = "{2013}"
}

@misc{UNHumanDev2013,
	author = "{United Nations Development Programme}",
	title = "Human Development Report 2013: The Rise of the South: Human Progress in a Diverse World",
	url = "http://hdr.undp.org/hdr4press/press/report/index.html",
	year = "{2013}",
}

@misc{RisksForInvestors,
	author = "Smith, Michael H.",
	title = "Assessing Climate Change Risks and Opportunities for Investors: Oil and Gas Sector",
	url = "http://www.igcc.org.au/Resources/Documents/oil_gas_assessing_climate_change_risks_for_investors.pdf",
	year = "{2013}",
}

@misc{HoldTheirOwn,
	author = "Nelson, Jacqueline",
	title = "Socially responsible investment funds hold their own",
	url = "http://www.theglobeandmail.com/globe-investor/investment-ideas/number-cruncher/socially-responsible-investment-funds-hold-their-own/article9845687/",
	year = "{2013}",
}

@misc{IEA2012press,
	author = {International Energy Agency},
	title = "World Energy Outlook 2012: Presentation to the press",
	url = "http://www.worldenergyoutlook.org/pressmedia/recentpresentations/PresentationWEO2012launch.pdf",
	year = "{2012}",
}

@misc{StanfordSenate,
	author = "Svoboda, Lucy",
	title = "Senate passes fossil fuel divestment bill",
	url = "http://www.stanforddaily.com/2013/05/28/senate-passes-fossil-fuel-divestment-bill/",
	year = "{2013}",
}

@misc{ExistingLaw,
	author = "Meltz, Robert",
	title = "Climate Change and Existing Law: A Survey of Legal Issues Past, Present, and Future",
	url = "https://www.fas.org/sgp/crs/misc/R42613.pdf",
	year = "{2013}",
}

@misc{JuryDecides,
	author = "McCarthy, Michael",
	title = "Jury Decides That Threat of Global Warming Justifies Breaking The Law",
	url = "https://www.commondreams.org/headline/2008/09/11-6",
	year = "{2013}",
}

% Sources added by Milan 2013-06-12

@misc{Tillerson,
	author = "Tillerson, Rex W.",
	title = "The New North American Energy Paradigm: Reshaping the Future",
	url = "http://www.cfr.org/united-states/new-north-american-energy-paradigm-reshaping-future/p28630",
	year = "{2013}",
}

@misc{TrusteesGuide,
	author = "{Carbon Trust}",
	title = "A Climate for Change: A Trusteeâ€™s Guide to Understanding and Addressing Climate Risk",
	url = "http://www.iigcc.org/__data/assets/pdf_file/0010/262/A_climate_for_change.pdf",
	year = "{2009}"
}

@book{Hansen2010,
	author = "Hansen, James",
	title = "Storms of My Grandchildren",
	publisher = "Bloomsbury USA",
	year = "{2010}",
}

@misc{IPCCThermohaline,
	author = "{Intergovernmental Panel on Climate Change}",
	title = "Thermohaline circulation changes in the North Atlantic: possible impacts for Europe",
	url = "https://www.ipcc.ch/publications_and_data/ar4/wg2/en/ch12s12-6-2.html",
	year = "{2007}",
}

@article{PTRecovery,
	author = "Sahney, Sarda and Benton, Michael J.",
	title = "Recovery from the most profound mass extinction of all time",
	journal = "Proceedings of the Royal Society",
	volume = {275},
	number = {1636},
	year = "{2008}",
}

@article{VenusRunaway,
	author = "Rasool, S. I. and De Bergh, C.",
	title = "The Runway Greenhouse and the Accumulation of \ce{CO2} in the Venus Atmosphere",
	journal = "Nature",
	volume = {226},
	year = "{1970}",
	url = "http://pubs.giss.nasa.gov/docs/1970/1970_Rasool_DeBergh.pdf",
}

@misc{HansenVenusThreat,
	author = "Hansen, James",
	title = "Climate Threat to the Planet: Implications for Energy Policy and Intergenerational Justice",
	url = "http://www.columbia.edu/~jeh1/2008/AGUBjerknes_20081217.pdf",
	year = "{2008}",
}

@article{EndPermian,
	author = "Benton, Michael J. and Twitchett, Richard J.",
	title = "How to kill (almost) all life: 	the end-Permian extinction event",
	journal = "TRENDS in Ecology and Evolution",
	volume = {18},
	number = {7},
	year = "{2003}",
	url = "http://palaeo.gly.bris.ac.uk/Benton/reprints/2003TREEPTr.pdf",	
}

% Sources added by Milan 2013-06-17

@article{SafeOperatingSpace,
	author = "Rockstrom, Johan and Steffen, Will and Noone, Kevin and Persson, Asa and Chapin, F. Stuart and Lambin, Eric F. and Lenton, Timothy M. and Scheffer, Marten and Folke, Carl and Schellnhuber, Hans Joachim and Nykvist, Bjorn and de Wit, Cynthia A. and Hughes, Terry and van der Leeuw, Sander and Rodhe, Henning and Sorlin, Sverker and Snyder, Peter K. and Costanza, Robert and Svedin, Uno and Falkenmark, Malin and Karlberg, Louise and Corell, Robert W. and Fabry, Victoria J. and Hansen, James and Walker, Brian and Liverman, Diana and Richardson, Katherine and Crutzen, Paul and Foley, Jonathan A. ",
	title = "A safe operating space for humanity",
	journal = "Nature",
	volume = {461},
	year = "{2009}",
	url = "http://www.nature.com/nature/journal/v461/n7263/full/461472a.html",
}

@misc{BlownAway,
	author = "{The Economist}",
	title = "Blown away",
	url = "http://www.economist.com/news/united-states/21579046-wind-power-doing-well-it-still-relies-irregular-and-short-term-subsidies-blown",
	year = "{2013}",
}

@misc{20PercentBy2030,
	author = "{U.S. Department of Energy}",
	title = "20\% Wind Energy by 2030: Increasing Wind Energy's Contribution to U.S. Electricity Supply",
	url = "http://www.nrel.gov/docs/fy08osti/41869.pdf",
	year = "{2008}",
}

@misc{RedrawingClimateEnergy,
	author = {International Energy Agency},
	title = "Redrawing the Energy-Climate Map",
	url = "http://www.slideshare.net/internationalenergyagency/redrawing-theeenrgyclimatemappresentation",
	year = "{2013}",
}

@article{VulnerableSpecies,
	author = "Foden, Wendy B. and Butchart, Stuart H. M. and Stuart, Simon N. and Vie, Jean-Christophe and Akcakaya, H. Resit and Angulo, Ariadne and DeVantier, Lyndon M. and Gutsche, Alexander and Turak, Emre and Cao, Long and Donner, Simon D. and Katariya, Vineet and Bernard, Rodolphe and Holland, Robert A. and Hughes, Adrian F. and O'Hanlon, Susannah E. and Garnett, Stephen T. and Sekercioglu, Cagan H. and Mace, Georgina M.",
	title = "Identifying the World's Most Climate Change Vulnerable Species: A Systematic Trait-Based Assessment of all Birds, Amphibians and Corals",
	journal = "PLOS One",
	volume = {8},
	issue = {6},
	year = "{2013}",
	url = "http://www.plosone.org/article/info%3Adoi%2F10.1371%2Fjournal.pone.0065427",
}

@misc{FEMAFlood,
	author = "AECOM",
	title = "The Impact of Climate Change and Population Growth	on the National Flood Insurance Program through 2100",
	url = "http://www.aecom.com/deployedfiles/Internet/News/Sustainability/FEMA%20Climate%20Change%20Report/Climate_Change_Report_AECOM_2013-06-11.pdf",
	year = "{2013}",
}

@misc{MJFlood,
	author = "Sheppard, Kate and West, James",
	title = "FEMA Report: Climate Change Could Increase Areas at Risk of Flood by 45 Percent",
	url = "http://www.motherjones.com/environment/2013/06/climate-change-could-double-number-americans-federal-flood-insurance",
	year = "{2013}",
}

@misc{ResPortFFPensions,
	author = "{HIP Investor}",
	title = "Resilient Portfolios \& Fossil-Free Pensions",
	url = "http://gofossilfree.org/files/2013/05/Resilient-Portfolios-and-Fossil-Free-Pensions.pdf",
	year = "{2013}",
}

@misc{ArcticUnsafe,
	author = "Beinecke, Frances",
	title = "Six Reasons Arctic Offshore Drilling Cannot Be Done Safely",
	url = "http://theenergycollective.com/francesbeinecke/236171/six-reasons-why-offshore-drilling-arctic-cannot-be-done-safely",
	year = "{2013}",
}

@article{FaustianGrowth,
	author = "Hansen, James and Kharecha, Pushker and Sato, Makiko",
	title = "Climate forcing growth rates: doubling down on our Faustian bargain",
	journal = "Environmental Research Letters",
	volume = {8},
	number = {1},
	year = "{2013}",
	url = "http://iopscience.iop.org/1748-9326/8/1/011006",
}

@misc{SleepingGiant,
	author = "{U.S. National Aeronautics and Space Administration}",
	title = "Is a Sleeping Climate Giant Stirring in the Arctic?",
	url = "http://www.nasa.gov/topics/earth/features/earth20130610.html",
	year = "{2013}",
}

@misc{ResilientNewYork,
	author = "{The City of New York}",
	title = "A Stronger, More Resilient New York",
	url = "http://nytelecom.vo.llnwd.net/o15/agencies/sirr/SIRR_singles_Lo_res.pdf",
	year = "{2013}",
}

@misc{CriticalDecade2013,
	author = "{Government of Australia Climate Commission}",
	title = "The Critical Decade 2013",
	url = "http://climatecommission.gov.au/wp-content/uploads/The-Critical-Decade-2013_medres_web.pdf",
	year = "{2013}",
}

% Sources copied from Stu's mini-bibliography on 2013-06-17

@MISC{MercerRI,
	author = {Mercer},
	title = {Shedding Light on Responsible Investment: Approaches, Returns and Impacts},
	year = {2011},
	url = {http://www.mercer.com/articles/1423880},
}

@MISC{DeutscheBankSI,
	author = {Deutsche Bank Group},
	title = {Sustainable Investing: Establishing Long-term Value and Performance},
	month = {June},
	year = {2012},
	url = {https://www.dbadvisors.com/content/_media/Sustainable_Investing_2012.pdf},
}

% More sources added by Milan 2013-06-17

@article{CCSEarthquake,
	author = "Zoback, Mark and Gorelick, Steven",
	title = "Earthquake triggering and large-scale geologic storage of carbon dioxide",
	journal = "Proceedings of the National Academy of Sciences",
	year = "{2012}",
	url = "http://www.pnas.org/content/early/2012/06/13/1202473109.abstract",
}

@misc{AFPonCCS,
	author = "Sheridan, Kerry",
	title = "'Carbon capture' too risky, earthquake prone: US study",
	url = "http://www.google.com/hostednews/afp/article/ALeqM5hgEyHrcoMyK34_ZT-sdeeyiC4ADw?docId=CNG.6e8cb246738bfc1e0c48f4ac564e68fa.471",
	year = "{2012}",
}

@misc{BullisonCCS,
	author = "Bullis, Kevin",
	title = "What Carbon Capture Can't Do",
	url = "http://www.technologyreview.com/view/516166/what-carbon-capture-cant-do/",
	year = "{2013}",
}

@misc{TroubleInStore,
	author = "{The Economist}",
	title = "Trouble in store",
	url = "http://www.economist.com/node/13226661",
	year = "{2009}",
}

@misc{HardToScrub,
	author = "{Canadian Broadcasting Corporation}",
	title = "Secret advice to politicians: oilsands emissions hard to scrub",
	url = "http://www.cbc.ca/news/canada/story/2008/11/24/sands-trap.html",
	year = "{2008}",
}

@misc{NoSilverBullet,
	author = "McCarthy, Shawn",
	title = "Carbon capture no 'silver bullet'",
	url = "http://www.theglobeandmail.com/report-on-business/carbon-capture-no-silver-bullet/article1170007/",
	year = "{2009}",
}

@misc{IllusionCleanCoal,
	author = "{The Economist}",
	title = "The illusion of clean coal",
	url = "http://www.economist.com/node/13235041",
	year = "{2009}",
}

@misc{RealisticCostsCarbonCapture,
	author = "Al-Juaied, Mohammed and Whitmore, Adam",
	title = "Realistic Costs of Carbon Capture",
	url = "http://belfercenter.ksg.harvard.edu/publication/19185/realistic_costs_of_carbon_capture.html?breadcrumb=%2Fproject%2F43%2Fenvironment_and_natural_resources",
	year = "{2009}",
}

@misc{CoalWillBeLeft,
	author = "Priest, Marcus",
	title = "Climate Commission warns coal will be left in ground",
	url = "http://www.afr.com/p/national/climate_commission_warns_coal_will_Os3K60MAR9LJPTDd2nGTDO",
	year = "{2013}",	
}

@misc{TuftsDivest,
	author = "Henn, Jamie",
	title = "Tufts Administration Forms Working Group to Study Divestment",
	url = "http://gofossilfree.org/tufts-administration-forms-working-group-to-study-divestment/",
	year = "{2013}",
}

@misc{GreenwashBP,
	author = "Pearce, Fred",
	title = "Greenwash: BP and the myth of a world 'Beyond Petroleum'",
	url = "http://www.guardian.co.uk/environment/2008/nov/20/fossilfuels-energy",
	year = "{2008}",
}

@misc{BPNoLongerBeyond,
	author = "Winkley, Ben",
	title = "Energy Journal: BP No Longer Beyond Petroleum",
	url = "http://blogs.wsj.com/marketbeat/2013/04/03/energy-journal-bp-no-longer-beyond-petroleum/",
	year = "{2013}",
}

@misc{BlackStuffBP,
	author = "{The Economist}",
	title = "In the black stuff",
	url = "http://www.economist.com/node/16056805/",
	year = "{2010}",
}

@misc{NotBeyondInRussia,
	author = "{The Economist}",
	title = "Not beyond petroleum",
	url = "http://www.economist.com/node/1578190",
	year = "{2003}",
}

@book{MerchantsDoubt,
	author = "Oreskes, Naomi and Conway, Erik",
	title = "Merchants Of Doubt",
	publisher = "Bloomsbury US",
	year = "{2011}"
}

@book{ClimateCoverUp,
	author = "Hoggan, James and Littlemore, Richard",
	title = "Climate Cover-Up: The Crusade to Deny Global Warming",
	publisher = "Greystone Books",
	year = "{2009}",
}

@article{Oreskes2004,
	author = "Oreskes, Naomi",
	title = "Beyond the Ivory Tower: The Scientific Consensus on Climate Change",
	journal = "Science",
	volume = {306},
	number = {5702},
	year = "{2004}",
	url = "https://www.sciencemag.org/content/306/5702/1686.short",
}

@article{QuantConsensus,
	author = "Cook, John and Nuccitelli, Dana and Green, Sarah A and Richardson, Mark and Winkler, Barbel and Painting, Rob and Way, Robert and Jacobs, Peter and Skuce, Andrew",
	title = "Quantifying the consensus on anthropogenic global warming in the scientific literature",
	journal = "Environmental Research Letters",
	volume = {8},
	number = {2},
	year = "{2013}",
	url = "http://iopscience.iop.org/1748-9326/8/2/024024/",
}

@misc{ExxonCDP2011,
	author = "ExxonMobil",
	title = "Carbon Disclosure Project: CDP 2011 Investor CDP 2011 Information Request",
	url = "http://www.exxonmobil.com/Corporate/Files/cdp_investor_2011.pdf",
	year = "{2011}",
}

@misc{ConocoPhillipsCC,
	author = "ConocoPhillips",
	title = "Climate Change Position",
	url = "http://www.conocophillips.com/sustainable-development/our-approach/living-by-our-principles/positions/Pages/climate-change.aspx",
	urlyear = "{2013}",
}

@misc{ShellClimateChange,
	author = "Shell",
	title = "Climate change",
	url = "http://www.shell.com/global/environment-society/environment/climate-change.html",
	urlyear = "{2013}",
}

@misc{ChevronClimateChange,
	author = "Chevron"
	title = "Climate Change",
	url = "http://www.chevron.com/globalissues/climatechange/",
	urlyear = "{2013}",
}

@misc{FFcorpsPlanning,
	author = "Cheeseman, Gina-Marie",
	title = "Oil Companies are Actually Planning for Climate Change",
	url = "http://www.triplepundit.com/2012/01/oil-companies-actually-planning-climate-change/",
	year = "{2012}",
}

@misc{OilCosFearFI,
	author = "Koronowski, Ryan",
	title = "Oil companies that caused climate change now fear its financial impacts",
	url = "http://climaterealityproject.org/2012/06/12/oil-companies-that-caused-climate-change/",
	year = "{2012}",
}

@misc{BPClimateChange,
	author = "BP",
	title = "Climate change: Addressing the global challenge of climate change will require the efforts of governments, industry and individuals",
	url = "http://www.bp.com/en/global/corporate/sustainability/the-energy-future/climate-change.html",
	urlyear = "{2013}",
}

@misc{DemiseOfCrudeDenial,
	author = "Skuce, Andy",
	title = "Big Oil and the Demise of Crude Climate Change Denial",
	url = "http://www.skepticalscience.com/bigoil.html",
	year = "{2012}",
}

@misc{DoTheOpposite,
	author = "Sheppard, Kate",
	title = "Energy Companies Say One Thing, Do the Opposite on Climate Change",
	url = "http://www.motherjones.com/blue-marble/2012/05/corporate-hypocrisy-climate-change",
	year = "{2012}",
}

@misc{UTEnvResDB,
	author = "University of Toronto School of the Environment",
	title = "Environmental Research Database",
	url = "http://app1.environment.utoronto.ca/EnvironmentalResearchDatabase/",
	urlyear = {2013},
}

@misc{ShiftToClimatePreparedness,
	author = "Gunther, Marc",
	title = "The Coming Shift to `Climate Preparedness'",
	url = "http://www.greenbiz.com/blog/2012/01/23/coming-shift-climate-preparedness",
	year = "{2012}",
}

/* Stu June 18th */

@misc{BigChoice,
	author = "Fullerton, John",
	title = "The big choice: money or planet?",
	url = "http://www.guardian.co.uk/sustainable-business/blog/carbon-reduction-commitment-finance",
	year = "{2011}",
}

% Sources added by Milan on June 18th, 2013

@misc{McGillStudentExecs,
	author = "{Divest McGill}",
	title = "Letters from All Major Student Execs (2012-13, 2013-14) Call for Divestment Today",
	url = "http://divestmcgill.com/264/",
	year = "{2013}",
}

@misc{McGillDelivers,
	author = "Fenton, Cam",
	title = "Divest McGill Delivers Social Injury Briefs",
	url = "http://gofossilfree.ca/divest-mcgill-delivers-social-injury-briefs/",
	year = "{2013}",
}

@misc{HarvardMeeting,
	author = "{Divest Harvard}",
	title = "Divest Harvard Meeting With Administration 2/1/13",
	url = "http://divestharvard.com/divest-harvard-meeting-with-administration-2113/",
	year = "{2013}",
}

@misc{HarvardTrustees,
	author = "Borowsky, Hannah and Maxmin, Chloe and Franta, Ben",
	title = "Harvard Students Meet With Trustees To Discuss Divestment",
	url = "http://divestharvard.com/harvard-students-meet-with-trustees-to-discuss-divestment/",
	year = "{2013}",
}

@misc{HarvardPetition,
	author = "{Divest Harvard}",
	title = "150 People Gather For Divest Harvard Petition Delivery",
	url = "http://divestharvard.com/15-people-gather-for-divest-harvard-petition-delivery/",
	year = "{2013}",
}

@misc{UNBPetition,
	author = "{Fossil Free UNB}",
	title = "Petition signature count: 306!",
	url = "http://fossilfreeunb.tumblr.com/post/46956124327/petition-signature-count-306",
	year = "{2013}",	
}

@misc{UNBStudentUnion,
	author = "{Fossil Free UNB}",
	title = "Today, our Fossil Free UNB team is presenting our project and a resolution of support to the UNB Student Union. ",
	url = "http://fossilfreeunb.tumblr.com/post/47385670362/today-our-fossil-free-unb-team-is-presenting-our",
	year = "{2013}",
}

@misc{UBCDivest,
	author = "Katic, Gordon",
	title = "Why weâ€™re asking UBC to divest from oil and gas",
	url = "http://ubyssey.ca/opinion/katic-why-were-asking-ubc-to-divest-from-oil-and-gas/",
	year = "{2013}",
}

@misc{9thcircuitHighway,
	author = "Fletcher, B.",
	title = "Center for Biological Diversity vs. National Highway Traffic Safety Administration",
	url = "http://www.climatelaw.org/cases/country/us/case-documents/us/CBDvNHTSA",
	year = "{2007}",
}

@misc{NEPACases,
	author = "{Center for Climate and Energy Solutions}",
	title = "National Environmental Policy Act Cases",
	url = "http://www.c2es.org/federal/courts/national-environmental-policy-act-cases",
	urlyear = "{2013}",
}

@misc{MassVEPA,
	author = "{United States Supreme Court}",
	title = "Massachusetts et al. v. Environmental Protection Agency et al.",
	url = "http://www.supremecourt.gov/opinions/06pdf/05-1120.pdf",
	year = "2006",
}

@misc{EPAhaspower,
	author = "Greenhouse, Linda",
	title = "Justices Say E.P.A. Has Power to Act on Harmful Gases",
	url = "http://www.nytimes.com/2007/04/03/washington/03scotus.html",
	year = "{2007}",
}

@misc{GreenFigleaf,
	author = "{The Economist}",
	title = "A green figleaf",
	url = "http://www.economist.com/node/13528073/",
	year = "{2009}",
}

@misc{CourtRejectsTruckStandards,
	author = "Barringer, Felicity and Maynard, Micheline",
	title = "Court Rejects Fuel Standards on Trucks",
	url = "http://www.nytimes.com/2007/11/16/business/16fuel.html",
	year = "{2013}",
}

@misc{OffshoreLiability,
	author = "McCarthy, Shawn",
	title = "Canada raises liability for offshore oil spills to $1-billion",
	url = "http://m.theglobeandmail.com/report-on-business/canada-raises-liability-for-offshore-oil-spills-to-1-billion/article12647765/",
	year = "{2013}",
}

@misc{EcuadorConstitution,
	author = "{Republic of Ecuador}",
	title = "Constitution of the Republic of Ecuador",
	url = "http://pdba.georgetown.edu/Constitutions/Ecuador/english08.html",
	year = "{2008}",
}

@misc{BoliviaConstitution,
	author = "{Plurinational State of Bolivia}",
	title = "Constitucion Politica del Estado",
	url = "http://www.presidencia.gob.bo/documentos/publicaciones/constitucion.pdf",
	year = "{2013}",
}

@misc{BoliviaGives,
	author = "Eaton, Janet",
	title = "Bolivia Gives Legal Rights To Mother Earth",
	url = "http://www.sierraclub.ca/en/main-page/bolivia-gives-legal-rights-mother-earth",
	year = "{2012}",
}

/* By Stu */
@misc{MayorsInnovationDivestGuide,
	author = "{Mayor's Innovation Project}",
	title = "Divestment from Fossil Fuels: A guide for city officials and activists",
	url = "http://mayorsinnovation.org/pdf/Divestment_Guide_Final.pdf",
	year = "{2013}",
}