%% This BibTeX bibliography file was created using BibDesk.
%% http://bibdesk.sourceforge.net/


%% Created for Milan Ilnyckyj at 2013-03-30 10:46:15 -0400 


%% Saved with string encoding Unicode (UTF-8) 

% File includes references from bibliography party compiled by Milan, Stuart, Mie, and Neal

@book{Alley2000,
	Author = {Alley, Richard},
	Publisher = {Princeton University Press},
	Title = {The Two Mile Time Machine: Ice Cores, Abrupt Climate Change, and Our Future},
	Year = {2000}}
	
@misc{CalculationsReferences,
	   AUTHOR  = "U.S. Environmental Protection Agency",
	   TITLE   = "Calculations and References",
	   URL = "http://www.epa.gov/cleanenergy/energy-resources/refs.html",
	   URLYEAR = 2013,}
	
@misc{IPCC4ARdrivers,
	AUTHOR  = "Intergovernmental Panel on Climate Change",
   	TITLE   = "Climate Change 2007: Synthesis Report, "2.2 Drivers of climate change"",
   	URL = "https://www.ipcc.ch/publications_and_data/ar4/syr/en/mains2-2.html",
   	URLYEAR = 2007,}

@book{Stern2007,
	Author = {Stern, Nicholas},
	Publisher = {Cambridge University Press},
	Title = {The Economics of Climate Change: The Stern Review},
	Year = {2007}}

@misc{NOAATrends,
	AUTHOR  = "U.S. National Oceanic & Atmospheric Administration",
   	TITLE   = "Trends in Atmospheric Carbon Dioxide",
   	URL = "http://www.esrl.noaa.gov/gmd/ccgg/trends/",
   	URLYEAR = 2013,}

@misc{IPCC4ARdrivers,
	AUTHOR  = "Intergovernmental Panel on Climate Change",
   	TITLE   = "Climate Change 2007: Working Group I: The Physical Science Basis, "TS.2 Changes in Human and Natural Drivers of Climate"",
   	URL = "https://www.ipcc.ch/publications_and_data/ar4/wg1/en/tssts-2.html",
   	URLYEAR = 2007,}

@misc{IEA2012}
	AUTHOR  = "International Energy Agency",
	TITLE   = "World Energy Outlook 2012",
	URL = "http://www.iea.org/publications/freepublications/publication/English.pdf",
	URLYEAR = 2012,}

@misc{ECReducing,
   AUTHOR  = "Environment Canada",
   TITLE   = "Reducing Greenhouse Gases",
   URL = "http://climatechange.gc.ca/default.asp?lang=En&n=4FE85A4C-1",
   URLYEAR = 2012}

@misc{ECCoalFired,
	AUTHOR = "Environment Canada", 
	TITLE = "Harper Government Moves Forward on Tough Rules for Coal-Fired Electricity Sector",
	URL = "http://www.ec.gc.ca/default.asp?lang=En&n=714D9AAE-1&news=4D34AE9B-1768-415D-A546-8CCF09010A23",
	URLYEAR = 2012}

@misc{OMEGreening,
	AUTHOR = "Ontario Ministry of the Environment", 
	TITLE = "Climate Change - Greening Our Ways",
	URL = "http://www.ene.gov.on.ca/environment/en/category/climate_change/STDPROD_078897.html",
	URLYEAR = 2013}

@misc{EPACessation,
	AUTHOR = "Environmental Protection Act", 
	TITLE = "Ontario Regulation 496/07: Cessation of Coal Use â€“ Atikokan, Lambtom, Nantcoke and Thunder Bay Generating Stations",
	URL = "http://www.e-laws.gov.on.ca/html/regs/english/elaws_regs_070496_e.htm"}

@misc{OMEGreen,
	AUTHOR = "Ontario Ministry of the Environment", 
	TITLE = "Green Energy Act",
	URL = "http://www.ene.gov.on.ca/environment/en/legislation/green_energy_act/index.htm"}
	
@misc{ShellAtAGlance,
		TITLE = "Shell At a Glance"
		URL = http://www.shell.ca/en/aboutshell/at-a-glance-tpkg.html,
		URLYEAR = 2013,}

@misc{ExxonWhatWeDo,
		TITLE = "Exxon: What We Do"
		URL = http://www.exxonmobil.com/Corporate/about_what.aspx,
		URLYEAR = 2013,}

@misc{ConstitutionAct,
		TITLE = "Constitution Act"
		URL = http://laws-lois.justice.gc.ca/eng/Const/page-15.html#h-44,
		URLYEAR = 2013,}

@misc{OntarioEnvironmentalBillofRights,
		TITLE = "Ontario Environmental Bill of Rights"
		URL = http://www.e-laws.gov.on.ca/html/statutes/english/elaws_statutes_93e28_e.htm,
		URLYEAR = 2013,}

@misc{YukonEnviromentalandSocio-economicAssessmentAct,
		TITLE = "Yukon Environmental and Socio-economic Assessment Act"
		URL = http://laws-lois.justice.gc.ca/eng/acts/Y-2.2/index.html,
		URLYEAR = 2013,}

@misc{EnvironmentalRightsAct,
		TITLE = "Environmental Rights Act"
		URL = http://www.justice.gov.nt.ca/PDF/ACTS/Environmental%20Rights.pdf,
		URLYEAR = 2013,}

@misc{Treaty8,
		TITLE = "Treaty No. 8 Made June 21, 1899 and Adhesions, Reports, Etc."
		URL = http://www.aadnc-aandc.gc.ca/eng/1100100028813/1100100028853,
		URLYEAR = 2013,}

@misc{PassingNoNewOilSandsApprovalsResolution,
	TITLE = "Unanimous passing of No New Oil Sands Approvals resolution at the Assembly of Treaty Chiefs Meeting"
		URL = http://www.aenweb.ca/node/2131,
		URLYEAR = 2013,}

@misc{Treaty6,
		TITLE = "Copy of Treaty No. 6 between Her Majesty the Queen and the Plain and Wood Cree Indians and other Tribes of Indians at Fort Carlton, Fort Pitt and Battle River with Adhesions"
		URL = http://www.aadnc-aandc.gc.ca/eng/1100100028710/1100100028783,
		URLYEAR = 2013,}

@misc{UniversalDeclarationOfHumanRights,
		TITLE = "The Universal Declaration of Human Rights"
		URL = http://www.un.org/en/documents/udhr/index.shtml#a7,
		URLYEAR = 2013,}

@misc{UniversalDeclarationOfHumanRights,
		TITLE = "The Universal Declaration of Human Rights"
		URL = http://www.un.org/en/documents/udhr/index.shtml#a7,
		URLYEAR = 2013,}

@article{HagueDeclarationOnTheEnvironment,
		Journal = {International Legal Materials},
		Month = {September},
		Number = {5},
		Title = {Hague Declaration on the Environment},
		Volume = {28},
		Year = {1989}}
		
@PHDTHESIS{Becker2010,
	author = {Becker,Thomas A.},
	title = {Essays in Finance and Environmental Economics},
	school = {University of California, Berkeley},
	year = {2010},
	note = {2317897261; 0501: Economics; 9781124551197; 0438: Environmental economics;
			0508: Finance; 54157161; 66569; n/a; Social sciences; Equities; English;
			Oil; Mortgage debt; 3445452; Carbon; Copyright ProQuest, UMI Dissertations
			Publishing 2010; 2011-04-28; Becker, Thomas Anthony; 2010; 861494638;
			Cap-and-trade; Household finance; M3: 3445452; M1: Ph.D.},
	file = {:Sources\\Becker 2010 - Finance and Enviro Econix.pdf:PDF},
	isbn = {9781124551197},
	journal = {ProQuest Dissertations and Theses},
	keywords = {Oil; Mortgage debt; 0508:Finance; Carbon; Household finance; Cap-and-trade;
			Equities; Social sciences; 0501:Economics; 0438:Environmental economics},
	language = {English},
	pages = {120},
	url = {http://search.proquest.com.ezproxy.library.ubc.ca/docview/861494638?accountid=14656}
		}

@ARTICLE{Busch2007,
	author = {Timo Busch and Volker H. Hoffmann},
	title = {Emerging carbon constraints for corporate risk management},
	journal = {Ecological Economics},
	year = {2007},
	volume = {62},
	pages = {518 - 528},
	number = {3 - 4},
	doi = {10.1016/j.ecolecon.2006.05.022},
	file = {:Sources\\Busch 2007 - carbon constraints for corp risk management.pdf:PDF},
	issn = {0921-8009},
	url = {http://www.sciencedirect.com/science/article/pii/S0921800906003521}
		}

@MISC{CTI2012,
	author = {{Carbon Tracker Institute}},
	title = {Unburnable Carbon: Are the world's financial markets carrying a carbon
			bubble},
	month = {August},
	year = {2012},
	file = {:Sources\\CarbonTracker 2012 Unburnable-Carbon-Full-rev2.pdf:PDF},
	url = {http://www.carbontracker.org/wp-content/uploads/downloads/2012/08/Unburnable-Carbon-Full1.pdf}
		}

@MISC{Aperio2013,
	author = {Patrick Geddes},
	title = {Do the Investment Math: Building a Carbon-Free Portfolio},
	howpublished = {Electronic - Aperio Group},
	month = {January},
	year = {2013},
	file = {:Sources\\aperio 2013 - building_a_carbon_free_portfolio.pdf:PDF},
	url = {https://www.aperiogroup.com/system/files/documents/building_a_carbon_free_portfolio_0.pdf}
		}

@MISC{GenIM2012,
	author = {{Generation Investment Management}},
	title = {Sustainable Capitalism},
	howpublished = {web},
	year = {2012},
	file = {:Sources\\Generation 2012 - sustainable-capitalism-v1.pdf:PDF},
	url = {http://www.generationim.com/media/pdf-generation-sustainable-capitalism-v1.pdf}
		}

@ARTICLE{Gold2008,
	author = {Gold,Murray},
	title = {The Carbon Challenge},
	journal = {Benefits Canada},
	year = {2008},
	volume = {32},
	pages = {69-69},
	number = {2},
	note = {Copyright - Copyright Rogers Publishing Limited Feb 2008; Language
			of summary - English; Location - Canada; Pages - 69; ProQuest ID
			- 224288778; SubjectsTermNotLitGenreText - Canada; Last updated -
			2010-06-09; Place of publication - Toronto; Corporate institution
			author - Gold, Murray; DOI - 1456385811; 38805401; 18385; BCD; INODOBCDX0004666354},
	file = {:Sources\\Gold 2008 - The Carbon Challenge.pdf:PDF},
	isbn = {07037732},
	keywords = {9172:Canada; Canada; 8130:Investment services; 4310:Regulation; Insurance;
			1540:Pollution control},
	language = {English},
	url = {http://search.proquest.com.ezproxy.library.ubc.ca/docview/224288778?accountid=14656}
		}

@ARTICLE{Goulder2010,
	author = {Lawrence H. Goulder and Marc A.C. Hafstead and Michael Dworsky},
	title = {Impacts of alternative emissions allowance allocation methods under
			a federal cap-and-trade program},
	journal = {Journal of Environmental Economics and Management},
	year = {2010},
	volume = {60},
	pages = {161 - 181},
	number = {3},
	doi = {10.1016/j.jeem.2010.06.002},
	file = {:Sources\\Goulder et al 2010 - Impacts of cap-and-trade.pdf:PDF},
	issn = {0095-0696},
	keywords = {Climate policy},
	url = {http://www.sciencedirect.com/science/article/pii/S0095069610000811}
		}

@BOOK{IEA2012,
	title = {World Energy Outlook: 2012},
	publisher = {Organization for Economic Cooperation and Development},
	year = {2012},
	author = {{International Energy Agency}},
	month = {November},
	doi = {10.1787/weo-2012-en},
	file = {:Sources\\IEA 2012 - World Energy Outlook.pdf:PDF},
	isbn = {9789264180840},
	url = {http://www.oecd-ilibrary.org/energy/world-energy-outlook-2012_weo-2012-en}
		}

@MISC{HSBC2013,
	author = {HSBC Global Research},
	title = {Oil and Carbon Revisited},
	howpublished = {web},
	year = {2013},
	file = {:sources\\HSBC 2013 Oil and Carbon Revisted.pdf:PDF},
	url = {http://gofossilfree.org/files/2013/02/HSBCOilJan13.pdf}
		}

@MISC{Robinson2012,
	author = {Robinson,David},
	title = {One big bad number},
	year = {2012},
	note = {Copyright - Copyright Northern Ontario Business Nov 2012; Language
			of summary - English; Pages - 4; ProQuest ID - 1173677426; Last updated
			- 2012-11-20; Place of publication - Sudbury; Corporate institution
			author - Robinson, David; DOI - 2819944471; 73797652; 12877; NONT;
			INODNONT0008240361},
	file = {:Sources\\Robinson 2012 - One Big Bad Number.pdf:PDF},
	isbn = {07102755},
	journal = {Northern Ontario Business},
	keywords = {Business And Economics},
	language = {English},
	number = {1},
	pages = {4-4},
	url = {http://search.proquest.com.ezproxy.library.ubc.ca/docview/1173677426?accountid=14656},
	volume = {33}
		}

@ARTICLE{Schultz2005,
	author = {Karl Schultz and Peter Williamson},
	title = {Gaining Competitive Advantage in a Carbon-constrained World:: Strategies
			for European Business},
	journal = {European Management Journal},
	year = {2005},
	volume = {23},
	pages = {383 - 391},
	number = {4},
	doi = {10.1016/j.emj.2005.06.010},
	file = {:Sources\\Schultz 2005 - Competitive Advantage Carbon-constrainted World Strategies for Business.pdf:PDF},
	issn = {0263-2373},
	keywords = {Climate mitigation},
	url = {http://www.sciencedirect.com/science/article/pii/S0263237305000708}
		}

@MISC{Stern2011,
	author = {Nicholas Stern},
	title = {A profound contradiction at the heart of climate change policy},
	year = {2011},
	file = {:Sources\\Stern 2011 FT.com.pdf:PDF},
	journal = {Financial Times},
	url = {http://www.ft.com/intl/cms/s/0/52f2709c-20f0-11e1-8a43-00144feabdc0.html#axzz2P2nJOSta}
		}

@MISC{UNEPFI2011,
	author = {{United Nations Environment Programme Finance Initiative}},
	title = {Universal Ownership: Why environmental externalities matter to institutional
			investors},
	howpublished = {web},
	year = {2011},
	file = {:Sources\\UNEPFI 2011 - Universal Ownership.pdf:PDF},
	url = {http://www.unepfi.org/fileadmin/documents/universal_ownership_full.pdf}
		}

@MISC{UNEPFI2009,
	author = {{United Nations Environment Programme Finance Initiative}},
	title = {Fiduciary Responsibility: Legal and practical aspects of integrating
			environmental, social and governance issues into institutional investment},
	year = {2009},
	file = {:Sources\\UNEP FI 2009 - fiduciaryII.pdf:PDF},
	url = {http://www.unepfi.org/fileadmin/documents/fiduciaryII.pdf}
		}

@MISC{UNEPFI2007,
	author = {{United Nations Environment Programme Finance Initiative} and Mercer},
	title = {Demystifying Responsible Investment Performance: A review of key
			academic and broker research on ESG factors},
	month = {October},
	year = {2007},
	file = {:Sources\\UNEP FI 2007 - Demystifying_Responsible_Investment_Performance_01.pdf:PDF},
	url = {http://www.unepfi.org/fileadmin/documents/Demystifying_Responsible_Investment_Performance_01.pdf}
		}

@MISC{UofT2008,
	author = {{University of Toronto}},
	title = {Issues With Respect to University Divestment},
	howpublished = {web},
	year = {2008},
	file = {:Sources\\UofT 2008 divestment policy.pdf:PDF},
	url = {www.governingcouncil.utoronto.ca/policies/Issues_With_Respect_to_University_Divestment.htm}
		}

@ARTICLE{Laan2004,
	author = {Van Der Laan, Sandra and Lansbury, Nina},
	title = {Socially Responsible Investing and Climate Change: Contradictions
			and Challenges},
	journal = {Australian Accounting Review},
	year = {2004},
	volume = {14},
	pages = {21--30},
	number = {34},
	doi = {10.1111/j.1835-2561.2004.tb00237.x},
	file = {:Sources\\Laan 2004 - SocResp Investing and Climate Change, Contradictions.pdf:PDF},
	issn = {1835-2561},
	publisher = {Blackwell Publishing Ltd},
	url = {http://dx.doi.org/10.1111/j.1835-2561.2004.tb00237.x}
		}