%% This BibTeX bibliography file was created using BibDesk.
%% http://bibdesk.sourceforge.net/


%% Created for Milan Ilnyckyj at 2013-03-30 10:46:15 -0400 


%% Saved with string encoding Unicode (UTF-8) 

% File includes references from bibliography party compiled by Milan, Stuart, Mie, Monica, and Neal

@book{Alley2000,
	Author = {Alley, Richard},
	Publisher = {Princeton University Press},
	Title = {The Two Mile Time Machine: Ice Cores, Abrupt Climate Change, and Our Future},
	Year = {2000}}
	
@misc{CalculationsReferences,
	   AUTHOR  = "{U.S. Environmental Protection Agency}",
	   TITLE   = "Calculations and References",
	   URL = "http://www.epa.gov/cleanenergy/energy-resources/refs.html",
	   URLYEAR = 2013}

@book{Stern2007,
	Author = {Stern, Nicholas},
	Publisher = {Cambridge University Press},
	Title = {The Economics of Climate Change: The Stern Review},
	Year = {2007}}

@misc{NOAATrends,
	AUTHOR  = "{U.S. National Oceanic \& Atmospheric Administration}",
   	TITLE   = "Trends in Atmospheric Carbon Dioxide",
   	URL = "http://www.esrl.noaa.gov/gmd/ccgg/trends/",
   	URLYEAR = 2013}

@misc{Charney1979,
	AUTHOR	= "{U.S. National Academy of Sciences}",
	TITLE	= "Ad Hoc Study Group on Carbon Dioxide and Climate",
	URL = "http://www.atmos.ucla.edu/~brianpm/download/charney_report.pdf",
	URLYEAR = 1979}

@misc{IPCC1990}
	AUTHOR  = "{Intergovernmental Panel on Climate Change}",
	TITLE	= "First Assessment Report",
	URL = "https://www.ipcc.ch/ipccreports/1992%20IPCC%20Supplement/IPCC_1990_and_1992_Assessments/English/ipcc_90_92_assessments_far_overview.pdf"
	URLYEAR = 1990}

@misc{IPCC1995
	AUTHOR  = "{Intergovernmental Panel on Climate Change}",
	TITLE	= "Second Assessment Report: Climate Change 1995",
	URL = "https://www.ipcc.ch/pdf/climate-changes-1995/ipcc-2nd-assessment/2nd-assessment-en.pdf"
	URLYEAR = 1995}
	
@misc{IPCC2001,
	AUTHOR  = "{Intergovernmental Panel on Climate Change}",
	TITLE	= "Third Assessment Report: Climate Change 2001",
	URL = "http://www.grida.no/publications/other/ipcc_tar/"
	URLYEAR = 2001}

@misc{IPCC2007,
	AUTHOR  = "{Intergovernmental Panel on Climate Change}",
	TITLE	= "Fourth Assessment Report: Climate Change 2007",
	URL = "https://www.ipcc.ch/publications_and_data/ar4/syr/en/contents.html"
	URLYEAR = 2007}

@misc{IPCC4ARdrivers,
	AUTHOR  = "{Intergovernmental Panel on Climate Change}",
   	TITLE   = "Climate Change 2007: Working Group I: The Physical Science Basis, "TS.2 Changes in Human and Natural Drivers of Climate"",
   	URL = "https://www.ipcc.ch/publications_and_data/ar4/wg1/en/tssts-2.html",
   	URLYEAR = 2007,}

@misc{ECReducing,
   AUTHOR  = "{Environment Canada}",
   TITLE   = "Reducing Greenhouse Gases",
   URL = "http://climatechange.gc.ca/default.asp?lang=En&n=4FE85A4C-1",
   URLYEAR = 2012}

@misc{ECCoalFired,
	AUTHOR = "{Environment Canada}", 
	TITLE = "Harper Government Moves Forward on Tough Rules for Coal-Fired Electricity Sector",
	URL = "http://www.ec.gc.ca/default.asp?lang=En&n=714D9AAE-1&news=4D34AE9B-1768-415D-A546-8CCF09010A23",
	URLYEAR = 2012}

@misc{OMEGreening,
	AUTHOR = "{Ontario Ministry of the Environment}", 
	TITLE = "Climate Change - Greening Our Ways",
	URL = "http://www.ene.gov.on.ca/environment/en/category/climate_change/STDPROD_078897.html",
	URLYEAR = 2013}

@misc{EPACessation,
	AUTHOR = "{Government of Ontario}", 
	TITLE = "Ontario Regulation 496/07: Cessation of Coal Use â€“ Atikokan, Lambtom, Nantcoke and Thunder Bay Generating Stations",
	URL = "http://www.e-laws.gov.on.ca/html/regs/english/elaws_regs_070496_e.htm"}

@misc{OMEGreen,
	AUTHOR = "{Ontario Ministry of the Environment}", 
	TITLE = "Green Energy Act",
	URL = "http://www.ene.gov.on.ca/environment/en/legislation/green_energy_act/index.htm"}
	
@misc{ShellAtAGlance,
		TITLE = "Shell At a Glance"
		URL = http://www.shell.ca/en/aboutshell/at-a-glance-tpkg.html,
		URLYEAR = 2013,}

@misc{ExxonWhatWeDo,
		TITLE = "Exxon: What We Do"
		URL = http://www.exxonmobil.com/Corporate/about_what.aspx,
		URLYEAR = 2013,}

@misc{ConstitutionAct,
		TITLE = "Constitution Act"
		URL = http://laws-lois.justice.gc.ca/eng/Const/page-15.html#h-44,
		URLYEAR = 2013,}

@misc{OntarioEnvironmentalBillofRights,
		TITLE = "Ontario Environmental Bill of Rights"
		URL = http://www.e-laws.gov.on.ca/html/statutes/english/elaws_statutes_93e28_e.htm,
		URLYEAR = 2013,}

@misc{YukonEnviromentalandSocio-economicAssessmentAct,
		TITLE = "Yukon Environmental and Socio-economic Assessment Act"
		URL = http://laws-lois.justice.gc.ca/eng/acts/Y-2.2/index.html,
		URLYEAR = 2013,}

@misc{EnvironmentalRightsAct,
		TITLE = "Environmental Rights Act"
		URL = http://www.justice.gov.nt.ca/PDF/ACTS/Environmental%20Rights.pdf,
		URLYEAR = 2013,}

@misc{Treaty8,
		TITLE = "Treaty No. 8 Made June 21, 1899 and Adhesions, Reports, Etc."
		URL = http://www.aadnc-aandc.gc.ca/eng/1100100028813/1100100028853,
		URLYEAR = 2013,}

@misc{PassingNoNewOilSandsApprovalsResolution,
	TITLE = "Unanimous passing of No New Oil Sands Approvals resolution at the Assembly of Treaty Chiefs Meeting"
		URL = http://www.aenweb.ca/node/2131,
		URLYEAR = 2013,}

@misc{Treaty6,
		TITLE = "Copy of Treaty No. 6 between Her Majesty the Queen and the Plain and Wood Cree Indians and other Tribes of Indians at Fort Carlton, Fort Pitt and Battle River with Adhesions"
		URL = http://www.aadnc-aandc.gc.ca/eng/1100100028710/1100100028783,
		URLYEAR = 2013,}

@misc{UniversalDeclarationOfHumanRights,
		TITLE = "The Universal Declaration of Human Rights"
		URL = http://www.un.org/en/documents/udhr/index.shtml#a7,
		URLYEAR = 2013,}

@article{HagueDeclarationOnTheEnvironment,
		Journal = {International Legal Materials},
		Month = {September},
		Number = {5},
		Title = {Hague Declaration on the Environment},
		Volume = {28},
		Year = {1989}}
		
%beginneal

@PHDTHESIS{Becker2010,
	author = {Becker,Thomas A.},
	title = {Essays in Finance and Environmental Economics},
	school = {University of California, Berkeley},
	year = {2010},
	note = {2317897261; 0501: Economics; 9781124551197; 0438: Environmental economics; 0508: Finance; 54157161; 66569; n/a; Social sciences; Equities; English; Oil; Mortgage debt; 3445452; Carbon; Copyright ProQuest, UMI Dissertations Publishing 2010; 2011-04-28; Becker, Thomas Anthony; 2010; 861494638; Cap-and-trade; Household finance; M3: 3445452; M1: Ph.D.},
	file = {:Sources\\Becker 2010 - Finance and Enviro Econix.pdf:PDF},
	isbn = {9781124551197},
	journal = {ProQuest Dissertations and Theses},
	keywords = {Oil; Mortgage debt; 0508:Finance; Carbon; Household finance; Cap-and-trade;
		Equities; Social sciences; 0501:Economics; 0438:Environmental economics},
	language = {English},
	pages = {120},
	url = {http://search.proquest.com.ezproxy.library.ubc.ca/docview/861494638?accountid=14656}
}

@ARTICLE{Busch2007,
	author = {Timo Busch and Volker H. Hoffmann},
	title = {Emerging carbon constraints for corporate risk management},
	journal = {Ecological Economics},
	year = {2007},
	volume = {62},
	pages = {518 - 528},
	number = {3 - 4},
	doi = {10.1016/j.ecolecon.2006.05.022},
	file = {:Sources\\Busch 2007 - carbon constraints for corp risk management.pdf:PDF},
	issn = {0921-8009},
	url = {http://www.sciencedirect.com/science/article/pii/S0921800906003521}
}

@MISC{CTI2012,
	author = {{Carbon Tracker Institute}},
	title = {Unburnable Carbon: Are the world's financial markets carrying a carbon bubble},
	month = {August},
	year = {2012},
	file = {:Sources\\CarbonTracker 2012 Unburnable-Carbon-Full-rev2.pdf:PDF},
	url = {http://www.carbontracker.org/wp-content/uploads/downloads/2012/08/Unburnable-Carbon-Full1.pdf}
}

@MISC{Ceres2012_1,
	author = {Ceres},
	title = {Incorporating environmental, social and Governance factors into Investing: a survey of Investment Consultant Practices},
	file = {:Sources\\Ceres 2012 - Incorporating ESG Factors into Investing.pdf:PDF},
	url = {http://www.ceres.org/resources/reports/incorporating-environmental-social-and-governance-factors-into-investing-a-survey-of-investment-consultant-practices}
}

@MISC{Ceres2012,
	author = {Ceres},
	title = {Sustainable Extraction: An Analysis of SEC Disclosure by Major Oil \& Gas Companies on Climate Risk \& Deepwater Drilling Risk},
	howpublished = {web},
	year = {2012},
	file = {:Sources\\Ceres 2012 - Sustainable Extraction.pdf:PDF},
	url = {http://www.ceres.org/resources/reports/sustainable-extraction-an-analysis-of-sec-disclosure-by-major-oil-gas-companies-on-climate-risk-and-deepwater-drilling-risk}
}

@MISC{Aperio2013,
	author = {Patrick Geddes},
	title = {Do the Investment Math: Building a Carbon-Free Portfolio},
	howpublished = {Electronic - Aperio Group},
	month = {January},
	year = {2013},
	file = {:Sources\\aperio 2013 - building_a_carbon_free_portfolio.pdf:PDF},
	url = {https://www.aperiogroup.com/system/files/documents/building_a_carbon_free_portfolio_0.pdf}
}

@MISC{GenIM2012,
	author = {{Generation Investment Management}},
	title = {Sustainable Capitalism},
	howpublished = {web},
	year = {2012},
	file = {:Sources\\Generation 2012 - sustainable-capitalism-v1.pdf:PDF},
	url = {http://www.generationim.com/media/pdf-generation-sustainable-capitalism-v1.pdf}
}

@ARTICLE{Gold2008,
	author = {Gold,Murray},
	title = {The Carbon Challenge},
	journal = {Benefits Canada},
	year = {2008},
	volume = {32},
	pages = {69-69},
	number = {2},
	note = {Copyright - Copyright Rogers Publishing Limited Feb 2008; Language of summary - English; Location - Canada; Pages - 69; ProQuest ID - 224288778; SubjectsTermNotLitGenreText - Canada; Last updated - 2010-06-09; Place of publication - Toronto; Corporate institution author - Gold, Murray; DOI - 1456385811; 38805401; 18385; BCD; INODOBCDX0004666354},
	file = {:Sources\\Gold 2008 - The Carbon Challenge.pdf:PDF},
	isbn = {07037732},
	keywords = {9172:Canada; Canada; 8130:Investment services; 4310:Regulation; Insurance;
		1540:Pollution control},
	language = {English},
	url = {http://search.proquest.com.ezproxy.library.ubc.ca/docview/224288778?accountid=14656}
}

@ARTICLE{Goulder2010,
	author = {Lawrence H. Goulder and Marc A.C. Hafstead and Michael Dworsky},
	title = {Impacts of alternative emissions allowance allocation methods under a federal cap-and-trade program},
	journal = {Journal of Environmental Economics and Management},
	year = {2010},
	volume = {60},
	pages = {161 - 181},
	number = {3},
	doi = {10.1016/j.jeem.2010.06.002},
	file = {:Sources\\Goulder et al 2010 - Impacts of cap-and-trade.pdf:PDF},
	issn = {0095-0696},
	keywords = {Climate policy},
	url = {http://www.sciencedirect.com/science/article/pii/S0095069610000811}
}

@BOOK{IEA2012,
	author = {{International Energy Agency}},
	title = {World Energy Outlook: 2012},
	publisher = {Organization for Economic Cooperation and Development},
	year = {2012},
	doi = {10.1787/weo-2012-en},
	file = {:Sources\\IEA 2012 - World Energy Outlook.pdf:PDF},
	isbn = {9789264180840},
	url = {http://www.oecd-ilibrary.org/energy/world-energy-outlook-2012_weo-2012-en}
}

@MISC{Mercer2012,
	author = {Mercer},
	title = {Through the Looking Glass: How Investors are Applying the Results of the Climate Change Scenarios Study},
	howpublished = {web},
	year = {2012},
	file = {:Sources\\Mercer 2012 - How Investors are Applying Climate Change.pdf:PDF},
	url = {http://www.mercer.com/articles/1448900}
}

@MISC{OECD2010,
	author = {OECD},
	title = {Transition to a Low-carbon Economy: Public Goals and Corporate Practices},
	doi = {http://dx.doi.org/10.1787/9789264090231-en},
	file = {:Sources\\OECD 2010 - Transition to a Low-carbon Economy.pdf:PDF},
	publisher = {OECD Publishing},
	url = {http://www.oecd.org/daf/inv/mne/transitiontoalow-carboneconomy.htm}
}

@MISC{HSBC2013,
	author = {HSBC Global Research},
	title = {Oil and Carbon Revisited},
	howpublished = {web},
	year = {2013},
	file = {:sources\\HSBC 2013 Oil and Carbon Revisted.pdf:PDF},
	url = {http://gofossilfree.org/files/2013/02/HSBCOilJan13.pdf}
}

@MISC{Robinson2012,
	author = {Robinson,David},
	title = {One big bad number},
	year = {2012},
	note = {Copyright - Copyright Northern Ontario Business Nov 2012; Language of summary - English; Pages - 4; ProQuest ID - 1173677426; Last updated - 2012-11-20; Place of publication - Sudbury; Corporate institution author - Robinson, David; DOI - 2819944471; 73797652; 12877; NONT; INODNONT0008240361},
	file = {:Sources\\Robinson 2012 - One Big Bad Number.pdf:PDF},
	isbn = {07102755},
	journal = {Northern Ontario Business},
	keywords = {Business And Economics},
	language = {English},
	number = {1},
	pages = {4-4},
	url = {http://search.proquest.com.ezproxy.library.ubc.ca/docview/1173677426?accountid=14656},
	volume = {33}
}

@ARTICLE{Schultz2005,
	author = {Karl Schultz and Peter Williamson},
	title = {Gaining Competitive Advantage in a Carbon-constrained World:: Strategies
		for European Business},
	journal = {European Management Journal},
	year = {2005},
	volume = {23},
	pages = {383 - 391},
	number = {4},
	doi = {10.1016/j.emj.2005.06.010},
	file = {:Sources\\Schultz 2005 - Competitive Advantage Carbon-constrainted World Strategies for Business.pdf:PDF},
	issn = {0263-2373},
	keywords = {Climate mitigation},
	url = {http://www.sciencedirect.com/science/article/pii/S0263237305000708}
}

@MISC{Stern2011,
	author = {Nicholas Stern},
	title = {A profound contradiction at the heart of climate change policy},
	year = {2011},
	file = {:Sources\\Stern 2011 FT.com.pdf:PDF},
	journal = {Financial Times},
	url = {http://www.ft.com/intl/cms/s/0/52f2709c-20f0-11e1-8a43-00144feabdc0.html#axzz2P2nJOSta}
}

@MISC{UNEPFI2011,
	author = {{United Nations Environment Programme Finance Initiative}},
	title = {Universal Ownership: Why environmental externalities matter to institutional investors},
	howpublished = {web},
	year = {2011},
	file = {:Sources\\UNEPFI 2011 - Universal Ownership.pdf:PDF},
	url = {http://www.unepfi.org/fileadmin/documents/universal_ownership_full.pdf}
}

@MISC{UNEPFI2009,
	author = {{United Nations Environment Programme Finance Initiative}},
	title = {Fiduciary Responsibility: Legal and practical aspects of integrating
		environmental, social and governance issues into institutional investment},
	year = {2009},
	file = {:Sources\\UNEP FI 2009 - fiduciaryII.pdf:PDF},
	url = {http://www.unepfi.org/fileadmin/documents/fiduciaryII.pdf}
}

@MISC{UNEPFI2007,
	author = {{United Nations Environment Programme Finance Initiative} and Mercer},
	title = {Demystifying Responsible Investment Performance: A review of key academic and broker research on ESG factors},
	month = {October},
	year = {2007},
	file = {:Sources\\UNEP FI 2007 - Demystifying_Responsible_Investment_Performance_01.pdf:PDF},
	url = {http://www.unepfi.org/fileadmin/documents/Demystifying_Responsible_Investment_Performance_01.pdf}
}

@MISC{UofT2008,
	author = {{University of Toronto}},
	title = {Issues With Respect to University Divestment},
	howpublished = {web},
	year = {2008},
	file = {:Sources\\UofT 2008 divestment policy.pdf:PDF},
	url = {www.governingcouncil.utoronto.ca/policies/Issues_With_Respect_to_University_Divestment.htm}
}

@ARTICLE{Laan2004,
	author = {Van Der Laan, Sandra and Lansbury, Nina},
	title = {Socially Responsible Investing and Climate Change: Contradictions and Challenges},
	journal = {Australian Accounting Review},
	year = {2004},
	volume = {14},
	pages = {21--30},
	number = {34},
	doi = {10.1111/j.1835-2561.2004.tb00237.x},
	file = {:Sources\\Laan 2004 - SocResp Investing and Climate Change, Contradictions.pdf:PDF},
	issn = {1835-2561},
	publisher = {Blackwell Publishing Ltd},
	url = {http://dx.doi.org/10.1111/j.1835-2561.2004.tb00237.x}
}


		
%endneal
		
@misc{SullivanCromwell_2010,
	Author = {Sullivan and Cromwell, LLP.},
	Month = {November 8th},
	Title = {Foreign Corrupt Practices Act â€“ Recent Developments},
	Year = {2010}}

@misc{MixedVerdict_2012,
	Date Accessed = {March 10th 2013},
	Month = {February 3rd},
	Url = {http://www.economist.com/blogs/baobab/2013/02/shell-and-nigeria},
	Year = {2012}}

@misc{Holland-BartelsPierce_2011,
	Author = {L. Holland-Bartels, B. Pierce},
	Institution = {US Geological Survey},
	Title = {An Evaluation of the Science Needs to Inform Decisions on Outer Continental Shelf energy Development in the Chukchi and Beaufort Seas, Alaska},
	Year = {2011}}

@misc{Shell_2011,
	Author = {Royal Dutch Shell},
	Title = {Building an Energy Future: Annual Report},
	Year = {2011}}

@misc{UNEP_2009,
	Author = {United Nations Environment Program (UNEP)},
	Title = {Climate and Trade Policies in a Post-2012 World.},
	Year = {2009}}

@book{KochanGoodYear_2011,
	Author = {Nick Kochan, Robin Goodyear},
	Publisher = {Palgrave MacMillan},
	Title = {Corruption: The New Corporate Challenge},
	Year = {2011}}

@misc{Naidoo_2012,
	Author = {K. Naidoo},
	Month = {October 3rd},
	Title = {Drilling for oil in the Arctic: the risks are too great for companies to take on. },
	Year = {2012}}

@misc{Mathiason_2005,
	Author = {N. Mathiason},
	Month = {June 19th},
	Title = {EBRD freezes Shell Sakhalin loan},
	Year = {2005}}

@misc{UNEP_2011,
	Author = {United Nations Environment Program},
	Title = {Environmental Assessment of Ogoniland},
	Year = {2011}}

@misc{NewsWire_2012,
	Author = {NBC News wire},
	Month = {September 26th},
	Title = {Environmental risk of drilling in Arctic too high, CEO of oil giant Total says. },
	Year = {2012}}

@article{Ukala_2011,
	Author = {E. Ukala},
	Journal = {Journal of Energy, Climate and Environment},
	Pages = {98-126.},
	Title = {Gas Flaring in Nigeriaâ€™s Niger Delta: Failed Promises and Reviving Community Voices},
	Year = {2011}}

@misc{UTAM_2013,
	Author = {University of Toronto Asset Management Corporation (UTAM)},
	Month = {March 31st},
	Title = {International Equities - Above $1 Million},
	Year = {2012}}

@misc{Steiner_2008,
	Author = {R. Steiner},
	Institution = {Milieu Defense},
	Title = {International Standards to Prevent and Control Pipeline Oil Spills, Compared with Shell Practices in Nigeria},
	Year = {2008}}

@misc{Sosa_2011,
	Author = {Irene Sosa},
	Institution = {Sustainalytics},
	Title = {License to Operate: Indigenous Relations and Free Prior and Informed Consent in the Mining Industry},
	Year = {2011}}

@misc{Memorandum_2012,
	Author = {Natural Resources Canada},
	Month = {June 19th},
	Title = {Memorandum to the Minister},
	Year = {2012}}
	
@misc{NigerDeltaReport_2006,
	Institution = {Nigeria Conservation Foundation and IUCN/CEESP},
	Title = {Niger Delta Natural Resource Damage Assessment and Restoration Project â€“ Phase I Scoping Report},
	Year = {2006}}

@misc{HSBC_2013,
	Author = {P. Spedding, K. Mehta,. \& N. Robins},
	Institution = {HSBC Global Research},
	Month = {January 25th},
	Title = {Oil and carbon revisited: Value at risk from â€˜unburnableâ€™ reserves},
	Year = {2013}}

@misc{OutInTheCold_2012,
	Author = {Greenpeace, Platform, Fair Pensions},
	Month = {May},
	Title = {Out in the Cold: Investor Risk in Shellâ€™s Arctic Exploration. },
	Year = {2012}}

@misc{NorwayPetition_2012,
	Month = {February 12},
	Title = {Petition for Norway Pension Fund. The Right Livelihood Award},
	Year = {2012}}

@misc{TobaccoReport_2007,
	Author = {Advisory Board, University of Toronto},
	Month = {February 2nd},
	Title = {Report of the Advisory Board on Tobacco Investment},
	Year = {2007}}

@misc{RiskingRuin_2012,
	Author = {B. Amuna, N. Bassey, E. Deranger, F. Gemmill, M. Laboucon-Massimo, R. Plain, D. Vassey},
	Institution = {Indigeneous Environmental Network \& The Athabasca Chipewyan First Nation},
	Title = {Risking Ruin: Shellâ€™s Dangerous Developments in the Tar Sands, Arctic, and Nigeria},
	Year = {2012}}

@misc{Bribery_2010,
	Lastchecked = {March 10th 2013},
	Title = {Settlements Near In Bribery Case}
	Month = {October 15th},
	Url = {http://online.wsj.com/article/SB10001424052748703631704575552410420207630.html?mod=djem_jiewr_BE_domainid},
	Year = {2010}}

@misc{ShellBribes_2010,
	Lastchecked = {March 10th 2013},
	Title = {Shell Bribes Among `Culture of Corruption,' Panalpina Admits}
	Month = {November 5th},
	Url = {http://www.bloomberg.com/news/2010-11-05/shell-bribes-among-culture-of-corruption-panalpina-admits.html},
	Year = {2010}}

@misc{Steiner_2010,
	Author = {R. Steiner},
	Institution = {Milieu Defense},
	Title = {Shell practices in Nigeria compared with international standards to prevent and control pipeline oil spills and the Deepwater Horizon oil spill},
	Year = {2010}}

@misc{Syria_2011,
	Author = {Mika Minio-Paluello},
	Title = {Shell supports Syrian regime with $55 million during crackdown; one out of six Syrian tanks runs on Shell oil.}}

@book{Richardson_2008,
	Author = {Benjamin Richardson},
	Month = {June},
	Publisher = {Oxford University Press},
	Title = {Socially Responsible Investment law: Regulating the Unseen Polluters},
	Year = {2008}}

@misc{carbontracker,
	Lastchecked = {March 16th 2013},
	title = {Carbon Tracker Initiative}
	Url = {carbontracker.org}}

%beginstu

@misc{MEEPlan,
	AUTHOR = "{MinistÃ¨re de lâ€™Ã‰cologie, de lâ€™Ã‰nergie, du DÃ©veloppement durable et de la Mer, en charge des Technologies vertes et des NÃ©gociations sur le climat}", 
	TITLE = "Plan de climate de la France: mise en oeuvre du Grenelle Environement",
	URL = "http://www.developpement-durable.gouv.fr/IMG/pdf/09003_PLAN_CLIMAT.pdf",
	URLYEAR = 2010}

@misc{MEEImpacts,
	AUTHOR = "{MinistÃ¨re de lâ€™Ã‰cologie, du DÃ©veloppement durable et de lâ€™Ã‰nergie}", 
	TITLE = "Impacts et adaptation (ONERC)",
	URL = "http://www.developpement-durable.gouv.fr/-Impacts-et-adaptation-ONERC-.html",
	URLYEAR = 2013}

@article{DupuisClimatique,
	AUTHOR = "Pascal Dupuis",
	Journal = {ResponsabilitÃ© et Environnement},
	Month = {October},
	Title = {La politique de la France en matiÃ¨re dâ€™adaptation au changement climatique},
	Volume = {56},
	Pages = "56-65",
	Year = {2009}}

@misc{DiplomatieClimatique,
	AUTHOR = "{France Diplomatie}", 
	TITLE = "Changement Climatique",
	URL = "http://www.diplomatie.gouv.fr/fr/politique-etrangere-de-la-france/environnement-et-developpement/changement-climatique-2496/",
	URLYEAR = 2012}

%endstu

%beginemily

@misc{WHcc2013,
	TITLE = "Climate Change",
	URL = "http://www.whitehouse.gov/energy/climate-change",
	URLYEAR = 2013,}

@misc{WHadaptation2013,
	TITLE = "Climate Change Adaptation Task Force",
	URL = "http://www.whitehouse.gov/administration/eop/ceq/initiatives/adaptation",
	URLYEAR = 2013,}
	
@misc{WHenergy,
	TITLE = "Develop and Secure America's Energy Resources",
	URL = "http://www.whitehouse.gov/energy/securing-american-energy#clean%20energy",
	URLYEAR = 2013,}
	
@misc{EPAinitiatives,
	AUTHOR = "{United States Environmental Protection Agency}",
	TITLE = "Regulatory Initiatives",
	URL = "http://www.epa.gov/climatechange/EPAactivities/regulatory-initiatives.html",
	URLYEAR = 2013,}
	
@misc{EPAwater,
	AUTHOR = "{United States Environmental Protection Agency}",
	TITLE = "Water: Climate Ready Estuaries",
	URL = "http://water.epa.gov/type/oceb/cre/index.cfm",
	URLYEAR = 2013,}

@misc{EPAwaterutilities,
	AUTHOR = "{United States Environmental Protection Agency}",
	TITLE = "Climate Ready Water Utilities (CRWU)",
	URL = "http://water.epa.gov/infrastructure/watersecurity/climate/",
	URLYEAR = 2013,}

@misc{USDTaction,
	AUTHOR = "{United States Department of Transportation}",
	TITLE = "Climate Action Plans",
	URL = "http://climate.dot.gov/state-local/local-action-plans.html",
	URLYEAR = 2013,}
	
@misc{USDTinitiatives,
	AUTHOR = "{United States Department of Transportation}",
	TITLE = "State and Regional Initiatives",
	URL = "http://climate.dot.gov/state-local/regional-initiatives.html",
	URLYEAR = 2013,}
	
@misc{EPAdatabase,
	AUTHOR = "{United States Environmental Protection Agency}",
	TITLE = "Climate Change Action Plans",
	URL = "http://www.epa.gov/statelocalclimate/local/local-examples/action-plans.html",
	URLYEAR = 2013,}

@misc{CCS,
	AUTHOR = "{Centre for Climate Strategies}",
	TITLE = "Climate Actions in Progress",
	URL = "http://www.climatestrategies.us/",
	URLYEAR = 2013,"
	
@misc{CCESmaps,
	AUTHOR = "{Centre for Climate and Energy Solutions}",
	TITLE = "US Climate Policy Maps",
	URL = "http://www.c2es.org/us-states-regions/policy-maps",
	URLYEAR = 2013,}
	
@misc{CCESinitiatives,
	AUTHOR = "{Centre for Climate and Energy Solutions}",
	TITLE = "Multi-State Climate Initiatives",
	URL = "http://www.c2es.org/us-states-regions/regional-climate-initiatives",
	URLYEAR = 2013,}
	
@misc{DEFRAmitigating,
	AUTHOR = "{Department for Environment, Food \& Rural Affairs}",
	TITLE = "Mitigating Climate Change-Defra's role",
	URL = "http://www.defra.gov.uk/environment/climate/mitigating",
	URLYEAR = 2013,}
	
@misc{DEFRAgovnt,
	AUTHOR = "{Department for Environment, Food \& Rural Affairs}",
	TITLE = "What is Government doing?",
	URL = "http://www.defra.gov.uk/environment/climate/government/",
	URLYEAR = 2013,}
	
@misc{UKgovnt,
	AUTHOR = "{Government of the United Kingdom}",
	TITLE = "Reducing the UK's greenhouse gas emissions by 80% by 2050",
	URL = "https://www.gov.uk/government/policies/reducing-the-uk-s-greenhouse-gas-emissions-by-80-by-2050",
	URLYEAR = 2013,}
	
@misc{BMUgeneralinfo,
	AUTHOR = "{German Federal Ministry for the Environment, Nature Conservation, and Nuclear Safety}",
	TITLE = "General Information-Climate Protection",
	URL = "http://www.bmu.de/en/topics/climate-energy/climate/general-information/",
	URLYEAR = 2013,}

@misc{BMUscenarios,
	AUTHOR = "{German Federal Ministry for the Environment, Nature Conservation, and Nuclear Safety}",
	TITLE = "Scenarios provide important decision-making basis for energy concept",
	URL = "http://www.bmu.de/en/bmu/press-and-speeches/current-press-releases/pm/artikel/scenarios-provide-important-decision-making-basis-for-energy-concept-1/",
	URLYEAR = 2010,}

@misc{BMUenergy2050,
	AUTHOR = "{German Federal Ministry for the Environment, Nature Conservation, and Nuclear Safety}",
	TITLE = "Energy Concept 2050: Milestones and Assessments",
	URL = "http://www.bmu.de/en/topics/climate-energy/transformation-of-the-energy-system/resolutions-and-measures/energy-concept-2050-milestones-long-term-development-path-for-ambitious-climate-protection-targets-energy-efficiency-and-renewables/",
	URLYEAR = 2010,}

@misc{CPTgermany,
	AUTHOR = "{Climate Policy Tracker}",
	TITLE = "Germany",
	URL = "http://www.climatepolicytracker.eu/sites/all/files/Germany2011.pdf",
	URLYEAR = 2011}
	
@misc{BMUprogramme,
	AUTHOR = "{German Federal Ministry for the Environment, Nature Conservation, and Nuclear Safety}",
	TITLE = "The Integrated Energ and Climate Programme of the German Government",
	URL = "http://www.bmu.de/fileadmin/bmu-import/files/english/pdf/application/pdf/hintergrund_meseberg_en.pdf",
	URLYEAR = 2007,}
	
@misc{Lutenegger,
	AUTHOR = "Lutenegger, Brian",
	TITLE = "Environmental and Energy Study Institute Issue Brief: China's Actions on Clean Power",
	URL = "http://files.eesi.org/IssueBrief_101112_chinacleanenergy.pdf",
	URLYEAR = 2012,}

@misc{CHINApolicies,
	AUTHOR = "{The National Development and Reform Commission, the People's Republic of China}",
	TITLE = "China's Policies and Actions for Addressing Climate Change",
	URL = "http://qhs.ndrc.gov.cn/zcfg/W020121122588539459161.pdf",
	URLYEAR = 2012,}

%endemily