%% This BibTeX bibliography file was created using BibDesk.
%% http://bibdesk.sourceforge.net/


%% Created for Milan Ilnyckyj at 2013-03-30 10:46:15 -0400 


%% Saved with string encoding Unicode (UTF-8) 

% File includes references from bibliography party compiled by Milan, Stuart, Mie

@book{Alley2000,
	Author = {Alley, Richard},
	Publisher = {Princeton University Press},
	Title = {The Two Mile Time Machine: Ice Cores, Abrupt Climate Change, and Our Future},
	Year = {2000}}
	
@misc{CalculationsReferences,
	   AUTHOR  = "U.S. Environmental Protection Agency",
	   TITLE   = "Calculations and References",
	   URL = "http://www.epa.gov/cleanenergy/energy-resources/refs.html",
	   URLYEAR = 2013,}
	
@misc{IPCC4ARdrivers,
	AUTHOR  = "Intergovernmental Panel on Climate Change",
   	TITLE   = "Climate Change 2007: Synthesis Report, "2.2 Drivers of climate change"",
   	URL = "https://www.ipcc.ch/publications_and_data/ar4/syr/en/mains2-2.html",
   	URLYEAR = 2007,}

@book{Stern2007,
	Author = {Stern, Nicholas},
	Publisher = {Cambridge University Press},
	Title = {The Economics of Climate Change: The Stern Review},
	Year = {2007}}

@misc{NOAATrends,
	AUTHOR  = "U.S. National Oceanic & Atmospheric Administration",
   	TITLE   = "Trends in Atmospheric Carbon Dioxide",
   	URL = "http://www.esrl.noaa.gov/gmd/ccgg/trends/",
   	URLYEAR = 2013,}

@misc{IPCC4ARdrivers,
	AUTHOR  = "Intergovernmental Panel on Climate Change",
   	TITLE   = "Climate Change 2007: Working Group I: The Physical Science Basis, "TS.2 Changes in Human and Natural Drivers of Climate"",
   	URL = "https://www.ipcc.ch/publications_and_data/ar4/wg1/en/tssts-2.html",
   	URLYEAR = 2007,}

@misc{IEA2012}
	AUTHOR  = "International Energy Agency",
	TITLE   = "World Energy Outlook 2012",
	URL = "http://www.iea.org/publications/freepublications/publication/English.pdf",
	URLYEAR = 2012,}

@misc{ECReducing,
   AUTHOR  = "Environment Canada",
   TITLE   = "Reducing Greenhouse Gases",
   URL = "http://climatechange.gc.ca/default.asp?lang=En&n=4FE85A4C-1",
   URLYEAR = 2012}

@misc{ECCoalFired,
	AUTHOR = "Environment Canada", 
	TITLE = "Harper Government Moves Forward on Tough Rules for Coal-Fired Electricity Sector",
	URL = "http://www.ec.gc.ca/default.asp?lang=En&n=714D9AAE-1&news=4D34AE9B-1768-415D-A546-8CCF09010A23",
	URLYEAR = 2012}

@misc{OMEGreening,
	AUTHOR = "Ontario Ministry of the Environment", 
	TITLE = "Climate Change - Greening Our Ways",
	URL = "http://www.ene.gov.on.ca/environment/en/category/climate_change/STDPROD_078897.html",
	URLYEAR = 2013}

@misc{EPACessation,
	AUTHOR = "Environmental Protection Act", 
	TITLE = "Ontario Regulation 496/07: Cessation of Coal Use â€“ Atikokan, Lambtom, Nantcoke and Thunder Bay Generating Stations",
	URL = "http://www.e-laws.gov.on.ca/html/regs/english/elaws_regs_070496_e.htm"}

@misc{OMEGreen,
	AUTHOR = "Ontario Ministry of the Environment", 
	TITLE = "Green Energy Act",
	URL = "http://www.ene.gov.on.ca/environment/en/legislation/green_energy_act/index.htm"}
	
@misc{ShellAtAGlance,
		TITLE = "Shell At a Glance"
		URL = http://www.shell.ca/en/aboutshell/at-a-glance-tpkg.html,
		URLYEAR = 2013,}

@misc{ExxonWhatWeDo,
		TITLE = "Exxon: What We Do"
		URL = http://www.exxonmobil.com/Corporate/about_what.aspx,
		URLYEAR = 2013,}

@misc{ConstitutionAct,
		TITLE = "Constitution Act"
		URL = http://laws-lois.justice.gc.ca/eng/Const/page-15.html#h-44,
		URLYEAR = 2013,}

@misc{OntarioEnvironmentalBillofRights,
		TITLE = "Ontario Environmental Bill of Rights"
		URL = http://www.e-laws.gov.on.ca/html/statutes/english/elaws_statutes_93e28_e.htm,
		URLYEAR = 2013,}

@misc{YukonEnviromentalandSocio-economicAssessmentAct,
		TITLE = "Yukon Environmental and Socio-economic Assessment Act"
		URL = http://laws-lois.justice.gc.ca/eng/acts/Y-2.2/index.html,
		URLYEAR = 2013,}

@misc{EnvironmentalRightsAct,
		TITLE = "Environmental Rights Act"
		URL = http://www.justice.gov.nt.ca/PDF/ACTS/Environmental%20Rights.pdf,
		URLYEAR = 2013,}

@misc{Treaty8,
		TITLE = "Treaty No. 8 Made June 21, 1899 and Adhesions, Reports, Etc."
		URL = http://www.aadnc-aandc.gc.ca/eng/1100100028813/1100100028853,
		URLYEAR = 2013,}

@misc{PassingNoNewOilSandsApprovalsResolution,
	TITLE = "Unanimous passing of No New Oil Sands Approvals resolution at the Assembly of Treaty Chiefs Meeting"
		URL = http://www.aenweb.ca/node/2131,
		URLYEAR = 2013,}

@misc{Treaty6,
		TITLE = "Copy of Treaty No. 6 between Her Majesty the Queen and the Plain and Wood Cree Indians and other Tribes of Indians at Fort Carlton, Fort Pitt and Battle River with Adhesions"
		URL = http://www.aadnc-aandc.gc.ca/eng/1100100028710/1100100028783,
		URLYEAR = 2013,}

@misc{UniversalDeclarationOfHumanRights,
		TITLE = "The Universal Declaration of Human Rights"
		URL = http://www.un.org/en/documents/udhr/index.shtml#a7,
		URLYEAR = 2013,}

@misc{UniversalDeclarationOfHumanRights,
		TITLE = "The Universal Declaration of Human Rights"
		URL = http://www.un.org/en/documents/udhr/index.shtml#a7,
		URLYEAR = 2013,}

@article{HagueDeclarationOnTheEnvironment,
		Journal = {International Legal Materials},
		Month = {September},
		Number = {5},
		Title = {Hague Declaration on the Environment},
		Volume = {28},
		Year = {1989}}