
@MISC{MercerRI,
	author = {Mercer},
	title = {Shedding Light on Responsible Investment: Approaches, Returns and Impacts},
	year = {2011},
	url = {http://www.mercer.com/articles/1423880},
}

@MISC{DeutscheBankSI,
	author = {Deutsche Bank Group},
	title = {Sustainable Investing: Establishing Long-term Value and Performance},
	month = {June},
	year = {2012},
	url = {https://www.dbadvisors.com/content/_media/Sustainable_Investing_2012.pdf},
}
